2860 4952
279 1062 548 1142 Verumtamen,
566 1064 632 1132 etsi
654 1065 767 1131 multa
790 1065 827 1131 in
849 1065 910 1134 illo
930 1081 1037 1151 opere
1054 1066 1342 1152 reprehendenda

234 1180 414 1254 videntur,
443 1198 549 1246 nenio
574 1198 646 1248 non
673 1180 826 1248 lateatur
852 1199 998 1248 necesse
1024 1187 1078 1248 est
1106 1182 1200 1249 idern
1224 1182 1344 1266 magni

235 1297 445 1382 preliiesse.

278 1412 355 1478 Non
376 1412 543 1496 equidem
559 1412 812 1480 contendimus
829 1415 924 1496 Lepos
938 1411 1074 1478 luroris
1088 1413 1267 1500 ingenium
1282 1413 1346 1480 cui

234 1526 323 1594 nihil
340 1528 431 1596 desit
444 1527 489 1593 ad
510 1527 645 1594 litteras
660 1533 754 1594 recte
770 1528 1013 1595 aestimandas
1028 1529 1210 1595 indicare:
1231 1549 1249 1595 a
1266 1528 1345 1596 viro

233 1643 479 1710 eruditissimo
500 1649 532 1709 et
560 1643 725 1710 omnium
746 1661 868 1710 rerum
890 1644 934 1710 ad
961 1650 1075 1710 artem
1096 1645 1284 1712 verborum
1308 1649 1345 1710 et

233 1777 406 1826 versuum
428 1758 764 1844 componendorum
792 1758 1051 1842 pertinentium
1077 1760 1192 1844 perito
1215 1759 1349 1843 scripta

233 1879 348 1941 sunt:
380 1873 558 1940 sedidem
586 1873 801 1958 plerumque
821 1892 861 1940 ea
882 1893 973 1958 quae
1000 1875 1043 1941 de
1070 1875 1169 1959 poesi
1193 1873 1346 1958 majores

233 1991 455 2056 tradiderant
481 1989 623 2055 lidelius
651 1989 820 2065 servavit,
848 1989 926 2068 etsi,
949 2007 1034 2055 cum
1054 1989 1159 2056 bonis
1187 1989 1348 2055 moribus

232 2111 266 2174 et
286 2105 451 2191 religioni
471 2105 647 2171 inservire
665 2111 823 2188 cuperet,
848 2105 1042 2189 quamdam
1064 2105 1348 2172 moderationem

232 2221 270 2287 in
284 2220 465 2288 veteribus
485 2219 608 2304 lyricis
624 2219 815 2286 laudandis
835 2220 1012 2286 adhibuit.

278 2335 347 2403 Sed
360 2337 403 2402 de
423 2335 611 2402 nonnullis
632 2335 740 2402 rebus
761 2335 941 2419 sapienter
957 2335 1067 2401 simul
1082 2341 1116 2402 et
1131 2333 1241 2402 libere
1256 2335 1350 2420 judi·

231 2453 337 2520 cavit.
370 2451 652 2519 Provincialium
681 2450 779 2516 enirn
811 2450 1008 2535 lyricorum
1041 2449 1218 2536 quaedam
1247 2451 1345 2528 vitia,

233 2587 317 2635 cum
334 2567 421 2652 quid
441 2586 484 2634 ex
505 2567 562 2632 his
579 2571 742 2632 manaret
765 2583 836 2632 non
856 2567 943 2632 satis
963 2584 1106 2652 semper
1123 2566 1346 2644 discreverit,

220 2689 356 2751 notare
376 2689 498 2749 tamen
515 2699 587 2748 non
601 2681 790 2748 dubitavit.

276 2798 366 2866 Tum
383 2815 469 2866 vero
484 2816 569 2864 cum
583 2797 626 2863 de
640 2797 758 2882 poesis
772 2797 806 2864 vi
823 2797 961 2863 ratione
974 2796 1128 2874 disserit,
1146 2796 1267 2862 videre
1280 2801 1344 2872 est,

232 2915 262 2981 si
293 2933 350 2980 res
379 2913 416 2978 in
451 2913 663 2979 universum
700 2911 882 2996 respicias,
917 2911 1150 2977 Guillelrnum
1183 2917 1348 2979 veterum

232 3035 419 3116 poetarum
438 3027 569 3113 placita
586 3027 787 3111 sumpsisse
802 3033 836 3094 et
857 3028 952 3112 leges
968 3046 1052 3094 suas
1072 3027 1289 3112 plerumque
1305 3046 1346 3093 ex

231 3146 378 3212 illorum
394 3143 571 3228 exemplis
592 3142 695 3226 quasi
715 3143 949 3226 expressisse.

276 3259 375 3340 Quod
391 3278 475 3325 oum
496 3259 544 3324 ita
565 3259 609 3324 sit
625 3294 668 3302 —
687 3257 922 3323 Guillelmum
938 3263 1059 3324 autem
1075 3258 1194 3344 ipsum
1212 3258 1248 3324 id
1269 3276 1347 3344 pro-

230 3376 368 3443 fessum
395 3393 473 3441 esse
494 3393 604 3458 supra
625 3373 762 3445 dictum
788 3374 856 3439 est¹
879 3374 1038 3439 -haud
1066 3391 1197 3458 magna
1223 3391 1345 3440 rernm

231 3490 373 3557 novitas
390 3489 427 3554 in
444 3490 512 3554 hoo
532 3507 638 3573 opere
653 3493 707 3554 est
723 3488 951 3572 requirenda.
971 3487 1063 3554 Satis
1080 3489 1123 3554 sit
1140 3487 1346 3555 existiman-

231 3606 328 3672 tibus
360 3603 602 3682 Molinarium,
640 3603 808 3688 quamvis
842 3604 995 3670 libenter
1026 3621 1100 3668 non
1131 3603 1250 3680 rebus
1285 3601 1343 3669 sed
1427 3664 1430 3671 ,

232 3719 351 3787 verbis
378 3723 412 3786 et
440 3718 616 3798 versibus
640 3723 804 3786 veterum
829 3719 994 3804 exempla
1021 3722 1179 3793 secutus,
1209 3717 1343 3802 priores

231 3840 352 3921 parles
373 3833 550 3911 tribuerit,
580 3834 675 3900 hano
701 3834 903 3900 doctrinam
924 3834 1111 3901 meliorem
1138 3832 1215 3898 lieri
1242 3849 1343 3917 posse

231 3952 414 4020 interdum
435 3949 581 4017 dixisse.

266 4145 293 4201 1.
313 4143 352 4200 v.
369 4160 398 4216 p.
414 4143 459 4199 52.
