2860 4952
527 405 702 478 ...23-

49 605 207 673 tentiam
227 606 393 693 pluribus
407 609 632 694 argumentis
645 607 932 676 confirmavisset
949 606 955 674 l
978 605 1171 692 Reliquum

50 720 149 787 enirn
172 741 322 790 carmen
347 723 497 792 omnino
522 724 613 791 nihil
639 725 683 794 ad
707 723 871 792 eamdem
899 742 975 790 rem
1003 723 1168 808 pertinet.

50 836 315 906 Verumtamen
341 839 567 907 Raimumlus
590 840 658 906 sibi
685 839 761 925 ipse
786 839 968 907 consensit
992 845 1025 906 et
1050 839 1171 906 omnia

49 953 121 1020 iere
150 955 317 1022 carmina
344 973 409 1022 sua
436 955 561 1022 eadem
592 956 785 1024 verborum
814 955 986 1022 tenuitate
1013 955 1167 1040 scripsit.

49 1067 176 1155 ltaque
191 1071 288 1138 haud
303 1071 485 1138 immerito
499 1072 715 1157 praecipuus
728 1071 906 1138 dilucidae
923 1071 1040 1156 poesis
1054 1070 1171 1138 iautor

5 1199 7 1202 ·
49 1185 144 1251 inter
157 1186 325 1272 ejusdcm
346 1187 472 1255 aetatis
488 1187 620 1272 lyricos
634 1187 816 1254 habetur-¹.
833 1186 1011 1265 Attamen,
1031 1191 1171 1269 praeter

50 1301 173 1368 locum
197 1321 308 1388 supra
328 1303 527 1382 laudatum,
545 1304 635 1370 alter
651 1309 790 1370 tanturn
808 1301 909 1370 locus
925 1303 961 1368 in
978 1301 1170 1368 Raimundi
1199 1337 1202 1344 ·

49 1417 281 1486 carminibus
301 1419 345 1485 ad
364 1419 528 1488 camdem
550 1418 799 1503 quaestionem
815 1423 976 1502 spectare
996 1417 1138 1484 videtur
1160 1435 1167 1486 :

296 1586 414 1658 Clinno,
433 1605 521 1664 quan
537 1604 603 1644 non
617 1605 648 1646 es
666 1586 722 1663 qui
738 1585 909 1656 l’cntendn,

533 1699 574 1738 no
588 1686 643 1756 pot
658 1698 706 1738 res
722 1679 822 1750 valer,

293 1793 384 1850 opus
402 1773 470 1832 lucc
485 1773 645 1832 aiclczer
692 1825 694 1832 .
737 1761 742 1772 ’

294 1887 354 1944 qrtc
368 1885 444 1925 mon
459 1867 507 1926 bel
521 1867 621 1925 solata
636 1867 809 1943 desponde,

293 1980 339 2020 scs
357 1980 422 2038 pap
437 1961 466 2019 si
482 1961 537 2020 'un
551 1979 638 2038 pauc
652 1961 742 2018 ouzit
760 1979 769 2018 :

294 2074 377 2132 quur
391 2060 452 2114 tota
467 2055 533 2113 ditz
548 2073 578 2113 cs
594 2053 709 2112 mielhs
725 2054 859 2130 prozitz,

213 2155 315 2224 qrrant
330 2167 351 2205 a
367 2147 400 2205 la
415 2147 437 2224 fi
451 2165 581 2224 patrron
596 2148 651 2205 ben
670 2146 718 2204 los
734 2165 824 2204 raros
840 2166 849 2204 :

210 2260 270 2318 per
284 2242 336 2319 qn’
349 2243 401 2300 iou
417 2241 491 2300 vuol
505 2241 560 2318 sar
574 2241 725 2299 entendrc
739 2258 809 2298 mos
823 2241 986 2300 clionsoa¹.

5 2409 8 2500 l
94 2415 138 2482 At
172 2423 298 2502 poetae
323 2417 456 2484 irustra
487 2417 582 2484 enixi
611 2421 695 2483 sunl
728 2421 766 2482 nt
799 2417 993 2483 obscurum
1026 2415 1167 2486 dicendi

5 2505 8 2590 ἶ
54 2548 165 2614 genus
185 2533 358 2599 invidiam
377 2533 586 2618 susciperet,
604 2551 688 2599 curn
702 2532 770 2598 hoc
786 2531 822 2597 in
838 2531 1009 2598 extremis
1022 2530 1168 2598 Austra-

6 2671 7 2678 1
54 2645 138 2718 linui
156 2649 279 2739 poesis
299 2649 523 2739 temporibus
544 2648 763 2718 exstinctum
786 2648 1076 2718 convincamus,

580 2895 641 2986 *³⁵*

96 3147 179 3218 Post
195 3149 351 3235 priorem
376 3149 468 3216 tertii
489 3149 618 3216 decimi
635 3147 768 3214 saeculi
789 3153 928 3232 partem
944 3145 1166 3213 Landoiran-

57 3281 115 3331 cus
135 3265 273 3352 Cigala³
294 3266 331 3332 in
347 3265 504 3351 quodam
526 3265 687 3332 carmine
706 3264 902 3330 obscurum
924 3281 1038 3348 genus
1058 3263 1166 3330 etiam

7 3459 8 3468 ἵ
57 3382 128 3447 tum
145 3383 289 3467 longius
306 3374 504 3448 insectatur
522 3399 529 3447 ε

7 3583 8 3646 J
88 3573 112 3628 1.
132 3577 170 3631 V.
187 3577 220 3631 F.
237 3575 308 3632 Diez
325 3595 331 3632 :
353 3576 450 3631 Lebcn
465 3575 526 3631 rand
546 3576 650 3631 Werlrc
665 3573 718 3630 der·
735 3571 960 3636 Tronbudouru,
978 3574 1039 3628 394.

89 3679 113 3734 2.
134 3698 148 3735 o
165 3682 294 3738 Carmen
306 3683 382 3753 quod
396 3700 483 3738 nemo
494 3682 644 3750 intellegit
655 3683 772 3736 nullum
787 3681 915 3751 prelium
929 3680 1036 3735 habere
1049 3684 1164 3750 polest;

60 3778 119 3819 oum
135 3771 234 3822 autern
251 3769 332 3822 locus
347 3768 386 3822 sit
406 3766 483 3821 milri
499 3771 528 3821 ei
543 3766 636 3820 otium
654 3766 772 3835 pulchri
788 3765 888 3834 gaudii
910 3764 1093 3830 effundendi,
1111 3765 1166 3818 hoc

60 3848 237 3919 aliquantum
262 3855 374 3906 remoto
395 3851 458 3920 joco
479 3850 669 3920 excipiatur;
691 3867 761 3904 nam
781 3866 869 3904 omne
893 3865 964 3919 opus
988 3848 1099 3918 gratius
1121 3853 1166 3904 est

60 3947 119 3988 cum
142 3936 173 3990 in
193 3940 326 3992 extremo
345 3935 478 3990 carmine
503 3952 548 3990 res
570 3939 648 3989 recle
672 3935 878 3990 collocantur:
900 3933 1091 4003 quamobrem
1114 3950 1165 4002 ego

7 4079 8 4088 ἵ
61 4031 119 4074 mea
137 4020 271 4076 carmina
290 4020 425 4090 intellegi
441 4021 517 4074 volo.
536 4035 549 4071 n
572 4017 701 4085 (Circus,
719 4036 800 4090 quon
820 4036 879 4074 non
894 4035 923 4073 cs
939 4016 990 4090 qui
1006 4015 1163 4083 lenienda,

59 4115 84 4154 v.
99 4103 155 4172 1-8,
172 4105 217 4160 M.
236 4105 272 4162 G.
287 4105 357 4160 1105
372 4109 401 4161 et
414 4104 483 4160 1106
498 4121 537 4158 0ae
553 4101 637 4158 codd.
657 4105 695 4159 H.
713 4102 759 4169 C.)

91 4215 114 4272 3.
134 4217 225 4292 Cujus
239 4216 373 4276 carmina
388 4217 468 4277 intua
484 4232 575 4275 anuos
591 4214 748 4275 1241-1257
763 4216 899 4292 ponenda
912 4220 991 4275 suut.

7 4149 10 4202 l
