2860 4952
572 365 748 437 -21-

379 563 437 624 Bel
449 583 574 642 suupro
589 565 666 642 plus
681 566 788 625 robert
802 565 867 642 sor,

380 676 450 716 mus
466 677 532 717 non
544 677 565 716 a
579 661 680 718 chaus
692 665 782 737 prete
795 659 907 728 entier,

379 770 468 828 quan
482 757 539 828 lup
553 771 619 810 uon
633 771 691 811 eon
703 752 885 830 perconter.

381 843 444 915 Qut
459 862 533 920 ques
549 844 665 915 n'nzir‚
682 845 728 902 mi
743 863 802 921 sap
818 845 854 904 bo

378 944 479 1016 quant
494 957 561 1016 cup
575 939 645 996 dire
656 957 715 1015 per
729 944 856 998 contens

378 1049 430 1090 mo
443 1037 530 1090 sonet
542 1038 680 1108 rouquet
695 1051 711 1090 e
723 1031 803 1102 elur,

379 1125 497 1202 el'au9
509 1143 530 1184 a
547 1125 580 1184 la
594 1126 663 1201 font
676 1127 819 1203 portar¹.

130 1312 192 1379 Ne
217 1313 298 1398 quis
326 1332 412 1381 vero
439 1317 539 1399 putet
567 1318 721 1399 poetam,
749 1312 779 1379 si
806 1312 850 1379 ad
880 1311 978 1398 vulgi
1006 1311 1214 1397 opinionem

82 1428 237 1514 poesim
251 1429 526 1497 accommodare
542 1428 707 1507 voluerit,
726 1433 841 1495 artem
855 1427 1099 1496 demissorum
1121 1445 1210 1505 esse,

30 1637 31 1640 Ἴ
81 1542 272 1612 Geraldus
288 1545 377 1614 haec
390 1545 512 1613 addit:

449 1745 592 1798 ntrestan
607 1757 705 1816 prono
721 1757 790 1798 sens

353 1833 355 1838 '
397 1853 439 1904 es,
454 1834 510 1910 qui
524 1852 584 1910 sup
600 1851 699 1892 roton
712 1833 835 1910 perdar

397 1945 471 1985 eum
483 1926 550 1986 delo
563 1933 646 1986 motz
659 1927 884 1985 entrebeseor¹.

35 2190 40 2203 Ι
128 2113 212 2180 Nec
225 2118 360 2180 temere
374 2114 422 2181 ila
435 2114 596 2199 loquitur
609 2113 802 2181 Geraldus:
818 2117 939 2180 censet
955 2112 1052 2179 enim
1066 2110 1101 2178 id
1115 2110 1212 2179 haud

77 2228 198 2316 parvi
229 2229 365 2314 ingenii
394 2229 568 2296 indicium
601 2230 765 2297 futurum
795 2247 885 2306 esse,
915 2228 943 2294 si
974 2227 1055 2313 quis
1085 2243 1211 2294 versus

35 2332 39 2340 ’
76 2345 218 2413 faciles
232 2345 276 2412 ad
290 2344 573 2430 intellegendum
587 2345 831 2431 composuerit
846 2365 854 2424 ;
877 2343 972 2430 quod
986 2342 1211 2430 apertissime

76 2461 259 2547 sequenti
274 2461 353 2528 loeo
369 2461 572 2529 declaratur
591 2479 597 2527 :

433 2648 500 2706 Len
513 2647 695 2707 ehensonet’
710 2666 726 2706 e
741 2647 787 2706 vil

433 2741 532 2800 aleria
545 2741 596 2799 obs
611 2759 632 2798 a
646 2741 701 2817 fur

432 2835 502 2912 q'eu
515 2853 610 2911 popes
626 2834 740 2893 enviar

432 2947 471 2986 en
485 2927 637 3004 Alverpn'
650 2927 684 2986 ol
698 2927 796 3004 Delfi.

432 3020 514 3079 Pero
529 3021 584 3079 s’el
596 3021 679 3079 dreit
694 3021 781 3079 cumi

430 3132 525 3191 popes
541 3113 581 3172 N’
593 3113 722 3188 Ebllon]
740 3115 857 3185 trobar,

117 3381 147 3435 1.
173 3393 188 3431 o
209 3377 271 3432 Vix
287 3394 406 3433 versum
428 3377 560 3448 incipere
575 3393 705 3448 possum,
722 3376 772 3446 qui
789 3376 864 3432 levis
884 3376 947 3445 sit;
968 3377 1032 3432 heri
1055 3380 1155 3433 tamen
1176 3377 1207 3432 in

77 3465 227 3521 animum
242 3461 348 3516 induxi
362 3479 482 3517 carmen
496 3461 622 3516 condere
634 3461 710 3531 quod
724 3461 761 3515 ab
773 3461 911 3516 omnibus
927 3461 1062 3530 intellegi
1077 3465 1107 3516 et
1120 3461 1209 3517 facile

78 3548 205 3605 cantari
222 3551 320 3618 posset
335 3565 341 3615 ;
363 3563 433 3602 nam
447 3546 477 3601 id
492 3546 569 3601 facio
584 3562 701 3616 prorsus
717 3546 754 3600 ad
770 3545 905 3600 homines
921 3547 1104 3602 recreandos.
1121 3561 1136 3600 n

119 3649 135 3686 u
159 3633 194 3688 ld
210 3631 332 3702 quidem
352 3631 506 3686 obscurius
526 3631 651 3686 condere
670 3647 810 3700 possem:
832 3630 882 3686 sed
898 3630 1024 3686 minoris
1039 3632 1072 3686 fit
1087 3648 1207 3686 carmen

78 3720 174 3788 eujus
189 3734 294 3772 omnes
314 3733 372 3771 non
389 3721 459 3772 sunt
479 3715 639 3786 participes
657 3733 663 3783 ;
685 3715 755 3770 licet
771 3714 824 3770 alii
841 3717 895 3769 hoc
911 3718 1143 3784 stomachentur,
1160 3735 1208 3773 me

78 3806 220 3860 delectat
239 3818 336 3857 meam
357 3801 582 3856 cantiunculam
603 3800 748 3855 subrauca
767 3804 795 3854 et
816 3800 896 3854 clara
918 3817 989 3855 voce
1010 3801 1047 3856 ab
1068 3801 1207 3858 omnibus

79 3888 156 3945 cani
171 3892 201 3942 et
216 3887 253 3942 ab
268 3886 400 3956 aquariis
415 3885 452 3940 ad
468 3888 565 3940 laeum
582 3885 721 3940 euntibus
737 3884 821 3954 quasi
834 3884 953 3940 deferri.
967 3900 981 3939 u
999 3885 1039 3953 (A
1051 3904 1146 3960 penas
1159 3885 1208 3942 sai

79 3988 258 4033 comensem,
275 3987 305 4024 v.
321 3969 400 4036 1-14,
416 3968 462 4023 Μ.
485 3968 530 4023 W.
547 3969 581 4036 1.‚
598 3985 627 4038 p.
643 3967 717 4032 195.)

119 4083 148 4137 2.
173 4095 187 4133 n
208 4081 282 4135 Tam
304 4079 433 4150 prudens
449 4083 492 4134 est
508 4078 558 4148 qui
579 4077 723 4133 rationem
743 4082 842 4134 servat
858 4095 947 4148 quam
963 4079 1014 4150 qui
1029 4079 1120 4139 verba
1138 4086 1207 4161 apte

78 4165 249 4232 connectit.
267 4180 281 4218 n
303 4165 317 4232 (
319 4164 344 4218 A
355 4181 452 4246 penos
468 4161 517 4218 soi
529 4180 695 4228 cernensor,
712 4179 741 4218 v.
759 4161 854 4232 19-21,
870 4161 957 4234 ibid.)
