2860 4952
668 331 843 404 „12-

198 532 390 614 utramque
410 535 550 618 partem
570 533 823 619 disputavisse,
845 534 1062 620 gravissima
1081 541 1203 603 tamen
1227 539 1309 604 tan-

197 651 276 714 tum
292 646 496 716 alienemus.
1261 624 1264 642 ⁴

724 843 785 932 ἕξ*

240 1145 333 1214 Illud
360 1153 480 1215 autem
508 1167 622 1235 genus
649 1149 927 1216 Marcabrunum
956 1151 1115 1235 primum
1143 1151 1309 1217 omnium

87 1277 99 1335 ς
196 1268 384 1347 poetarum
400 1265 623 1332 allectavisse
644 1265 843 1332 novimus¹.
867 1265 1004 1332 Etenim
1021 1283 1094 1332 non
1110 1265 1229 1332 solum
1250 1267 1311 1334 bic

195 1379 356 1446 carmina
368 1381 412 1446 ad
423 1381 521 1446 illam
533 1381 708 1447 rationem
721 1381 1083 1448 itacondiditutbaec
1094 1382 1310 1466 plerumque
1339 1362 1346 1376 ’

195 1495 465 1580 interpretando
489 1497 549 1563 vix
575 1497 769 1582 explanare
794 1497 922 1582 possis,
951 1497 1013 1563 sed
1037 1497 1145 1562 etiam
1167 1497 1204 1562 in
1229 1497 1309 1582 ejus

195 1611 365 1696 operibus
381 1611 588 1698 complures
604 1612 701 1679 locos
718 1613 873 1697 reperire
890 1619 941 1678 est
963 1613 1094 1697 quibus
1110 1611 1309 1679 obscurum

195 1727 376 1794 scribendi
400 1746 514 1813 genus
541 1727 614 1812 iam
639 1733 716 1794 turn
742 1728 779 1793 in
806 1728 1091 1794 existimantium
1117 1727 1309 1794 arbitrium

195 1843 337 1910 venisse
364 1844 563 1929 intellegas.
593 1842 680 1923 Imo,
708 1862 828 1910 nonne
855 1843 1114 1910 Marcabrunus
1139 1843 1215 1928 ipse
1240 1844 1310 1910 boc

194 1959 273 2026 loco
287 1959 396 2026 simul
417 1965 451 2026 et
467 1961 563 2044 quod
577 1960 748 2026 orationis
769 1978 883 2044 genus
897 1959 1132 2045 assumpserit
1148 1959 1309 2044 profiteri

194 2080 228 2142 et
247 2076 411 2161 ejusdem
427 2075 512 2143 vitia
529 2093 722 2160 agnoscere
736 2073 908 2142 videtur?

471 2271 535 2328 Per
546 2272 629 2330 socril
645 2277 713 2328 tenc
729 2290 775 2328 ses
788 2273 947 2350 ‹loptnnso

472 2364 518 2423 col
534 2366 590 2441 pul
605 2366 643 2423 cle
657 2384 733 2422 neon
748 2367 846 2422 citant
860 2365 978 2422 uenena

471 2477 504 2516 so
520 2478 579 2534 que
594 2461 726 2516 etruscus
741 2477 812 2516 otoo
827 2459 966 2528 declino,

472 2553 499 2610 st'
514 2571 588 2610 cum
605 2551 638 2609 lo
653 2571 743 2610 rocos
759 2553 902 2628 despicio
920 2573 929 2610 :

472 2646 564 2721 qu'ou
580 2646 694 2702 mozois
710 2646 760 2702 stri
777 2665 815 2702 cn
831 2665 965 2703 mannan

471 2739 656 2797 d'esclorzt'r
666 2739 799 2815 protrtttl'
815 2743 956 2796 escuem.

192 2926 323 2993 Mirum
353 2928 512 3012 proiecto
541 2933 683 3012 poetam
717 2926 860 2992 obscuri
890 2926 1031 3010 generis
1060 2926 1237 2992 fautorem
1269 2925 1310 2992 id

191 3041 354 3108 confiteri
373 3043 379 3108 l

236 3157 342 3243 Apud
370 3159 515 3226 Petrum
544 3159 749 3226 Arvernum
778 3153 969 3246 (lits-80),
998 3175 1117 3242 quem,
1145 3157 1210 3224 etsi
1237 3157 1310 3228 ali-

226 3362 251 3416 1.
274 3361 359 3424 Quod
374 3362 410 3416 ad
426 3367 560 3433 tempora
575 3363 693 3428 attinet,
710 3361 809 3416 virum
825 3361 1032 3416 doctissimum
1047 3361 1210 3416 Camillum
1226 3359 1310 3414 Clrn-
1410 3381 1413 3388 Δ

191 3446 308 3500 bonoad
320 3447 483 3516 sequimur,
500 3448 549 3517 qui
566 3447 597 3501 in
612 3464 643 3501 eo
659 3447 735 3501 libro
748 3447 795 3500 cui
811 3446 918 3500 titulus
940 3461 954 3496 o
968 3445 1024 3499 Les
1037 3443 1237 3518 Bioproplrics
1253 3441 1308 3498 des

193 3529 408 3585 Trortbodours
430 3549 466 3586 en
488 3532 598 3603 lonpuo
615 3531 795 3604 prorenrole
812 3546 826 3582 n
855 3547 974 3584 summa
994 3529 1153 3597 diligentia
1174 3528 1308 3598 pruden-

190 3616 301 3685 tiaque,
327 3621 355 3670 et
379 3616 460 3671 intra
485 3617 624 3671 certiores
648 3617 721 3670 lines
745 3631 833 3684 quam
859 3615 1032 3670 Fredorieus
1057 3612 1140 3674 Dior,
1169 3613 1206 3668 ad
1233 3629 1307 3682 quos

189 3717 282 3756 annos
297 3700 484 3755 Australium
501 3707 653 3771 poetarum
670 3700 805 3754 carmina
822 3700 925 3754 referri
941 3703 1069 3769 possent,
1086 3698 1212 3753 notavit.

224 3811 251 3866 2.
273 3827 287 3864 u
305 3811 446 3880 Sagacem
461 3829 528 3882 eum
544 3812 618 3865 duco
634 3812 698 3866 sine
711 3813 774 3865 ulla
784 3811 970 3865 dubitatione
984 3810 1034 3879 qui
1048 3810 1079 3863 in
1094 3827 1158 3864 meo
1171 3809 1306 3864 carmine

190 3897 261 3966 quid
287 3896 422 3965 quodque
443 3897 567 3950 verbnm
597 3897 678 3950 dicat
700 3895 849 3963 intellegit
873 3899 902 3948 ot
926 3894 1070 3963 ¹quomodo
1094 3897 1304 3962 argumentum

190 3980 375 4050 explicetur:
393 3997 461 4034 nam
477 3981 552 4035 mibi
567 3981 624 4050 ipsi
636 3986 680 4035 est
693 3980 795 4049 inopia
805 3979 934 4043 marsilii,
946 3979 997 4033 ubi
1010 3979 1166 4033 obscurum
1178 3978 1303 4032 verbum

190 4064 266 4120 mibi
286 4065 509 4135 explanandum
526 4069 580 4120 est.
598 4081 612 4117 n
629 4065 706 4132 (Per
720 4063 798 4118 socii
814 4067 878 4120 tene
897 4080 942 4117 sos
958 4061 1116 4138 doptonso,
1133 4062 1239 4120 v.1-6.
1256 4061 1302 4121 M.

191 4151 228 4208 G.
242 4149 304 4205 722.
321 4166 356 4204 ex
372 4149 435 4205 cod.
452 4151 487 4214 l.)
