2860 4952
680 327 855 400 „22-

548 525 596 586 bel
608 525 720 605 potata
734 526 877 586 mandor

549 621 643 698 qu'eu
657 621 709 680 dic
725 621 820 698 qu’en
838 620 1006 682 l'escurzir

727 731 794 774 non
810 731 845 774 es
860 715 986 778 l’affanz

548 825 619 870 mas
631 825 673 869 en
688 808 790 870 l'obra
806 808 969 870 sclarzir¹.

210 981 285 1064 Qua
311 983 489 1081 sententia
516 980 617 1050 nulla
644 1001 687 1050 ex
716 983 773 1050 his
803 1001 893 1068 quas
919 981 1038 1050 adhuc
1066 984 1163 1068 apud
1191 983 1329 1070 lyricos

209 1099 420 1168 invenimus
442 1099 682 1186 praestantior
701 1105 766 1178 est,
789 1118 873 1167 oum
894 1117 957 1184 per
976 1099 1071 1167 hane
1090 1100 1329 1168 manifestum

209 1216 272 1286 fiat
297 1215 492 1284 Geraldum
522 1234 596 1284 non
622 1216 827 1284 inconsulto
856 1215 899 1283 de
928 1219 1002 1283 arte
1031 1195 1331 1304 poetica'dispu-
1407 1232 1411 1243 ·

208 1333 354 1402 tavisse.

254 1449 385 1517 Eodem
406 1449 479 1516 iere
492 1453 654 1534 tempore
668 1466 739 1533 quo
759 1447 932 1518 Geraldus
946 1448 1187 1516 Borneliensis
1200 1449 1245 1516 de
1259 1449 1331 1518 hac

209 1564 424 1650 rescripsit,
448 1563 674 1632 Raimundus
694 1565 737 1632 de
757 1563 940 1632 Miravalle
965 1565 1172 1650 opinionem
1197 1583 1329 1658 eorum

209 1681 271 1768 qui
285 1681 482 1748 obscurum
494 1680 634 1747 dicendi
646 1699 760 1766 genus
772 1680 1008 1748 defendebant
1022 1685 1142 1768 aperte
1155 1681 1193 1748 in
1207 1682 1330 1769 prima

208 1797 400 1886 cujusdam
421 1796 594 1866 carminis
610 1801 711 1882 parte
724 1797 945 1882 oppugnavit
964 1814 971 1863 :

525 1963 595 2024 Aac
610 1965 732 2024 trebure
752 1964 821 2024 clus
835 1965 872 2023 ui
887 1967 983 2024 bruas

445 2077 512 2119 unu
524 2059 579 2120 dec
594 2077 671 2118 over
683 2064 773 2136 praiz
788 2059 825 2116 ui
839 2059 922 2129 taus,

597 2172 655 2231 pos
670 2154 727 2230 fou
738 2153 819 2230 faita
830 2172 889 2230 per
903 2153 1031 2224 vendre,

527 2246 666 2306 contrade
682 2251 787 2320 sonetz
802 2265 912 2318 sucus,

446 2339 600 2410 cainaea,
616 2339 696 2398 atesi
710 2357 780 2397 com
795 2338 862 2398 culs
876 2357 973 2416 poue,

599 2452 615 2492 e
631 2432 697 2492 leus
712 2433 756 2491 dd
770 2434 941 2510 opreodre,

445 2528 484 2586 ab
500 2527 562 2586 bels
578 2526 644 2584 dttz
660 2525 744 2584 clare
760 2544 776 2584 c
790 2545 850 2603 peu
865 2526 967 2597 olous,

598 2637 655 2678 car
667 2638 727 2696 peu
745 2619 800 2696 fur
814 2620 964 2679 antandro

598 2731 664 2772 nou
677 2712 729 2773 cal
743 2718 815 2791 trop
830 2714 1027 2772 contenere&

251 2875 398 2944 Minime
422 2874 568 2961 quidem
594 2875 631 2941 in
659 2874 813 2941 obscuro
840 2879 893 2942 est
918 2875 1005 2960 quid
1031 2874 1258 2944 Raimundus
1279 2878 1327 2946 de

206 2991 390 3060 Miravalle
409 2991 478 3058 hoc
498 2990 576 3059 loco
593 2989 797 3076 vituperare
812 2989 987 3058 voluerit:
1011 2991 1073 3057 sed
1086 2990 1226 3058 utinam
1242 3009 1328 3060 sen·

240 3187 266 3244 1.
289 3186 414 3243 «Levis
435 3189 464 3242 et
485 3185 584 3241 tenuis
606 3185 801 3240 captiuncula
823 3185 900 3240 mihi
922 3184 1076 3241 condenda
1094 3189 1148 3254 est,
1169 3203 1258 3258 quam
1283 3191 1326 3246 ad

204 3271 390 3342 Delphinum
401 3271 621 3326 Arvernensem
636 3269 756 3323 mittere
767 3268 876 3339 possim
890 3286 896 3337 ;
912 3285 986 3338 quae
999 3269 1023 3323 si
1036 3270 1067 3323 iu
1081 3269 1190 3326 itinere
1199 3271 1327 3329 domino

204 3353 638 3422 Ebolooccur1·at‚huicdicat
658 3370 724 3408 mea
739 3353 858 3423 quidem
875 3353 1025 3408 sententia
1039 3371 1099 3409 non
1117 3355 1203 3409 rebus
1219 3355 1328 3411 obscu-

204 3439 327 3498 ritatem
349 3442 470 3513 afferre,
494 3436 547 3494 sed
568 3455 640 3512 opus
663 3436 831 3493 dilucidare
853 3437 957 3511 mopni
978 3455 1040 3493 csse
1062 3437 1184 3494 loboris.
1204 3455 1219 3493 a
1242 3440 1327 3508 (Lea

204 3524 391 3581 chdnsoneta
405 3541 420 3578 e
434 3522 483 3587 cit,
499 3541 529 3578 v.
547 3521 624 3589 1-10‚
641 3522 686 3576 M.
706 3521 741 3577 G.
756 3521 818 3589 850,
835 3539 870 3576 ex
886 3523 949 3577 cod.
966 3523 1019 3589 H.)

239 3637 265 3692 2.
288 3650 302 3688 u
323 3635 485 3705 Nunquam
506 3633 570 3688 fieri
590 3633 687 3703 potuit
707 3637 740 3688 ut
761 3633 857 3703 poesis
876 3634 1000 3689 obscura
1019 3638 1047 3690 et
1066 3651 1170 3704 aspera
1189 3635 1330 3705 pretium

203 3721 363 3778 laudemve
378 3718 510 3786 haberet,
527 3735 595 3773 cum
615 3718 681 3772 ideo
696 3717 754 3773 ista
771 3718 896 3773 inventa
915 3719 955 3774 sit
969 3723 1002 3774 ut
1016 3719 1133 3774 venalis
1148 3724 1233 3787 esset,
1249 3736 1324 3790 prae

203 3803 406 3862 cantiunculis
428 3803 580 3870 suavibus,
604 3802 732 3870 festivis
756 3802 867 3858 talibus
887 3805 989 3872 quales
1013 3820 1064 3872 ego
1089 3804 1191 3870 condo,
1212 3809 1242 3860 et
1263 3807 1323 3862 hae

202 3892 273 3946 sunt
299 3888 403 3944 faciles
431 3888 469 3942 ad
495 3887 698 3953 ediscendum,
727 3905 742 3941 e
768 3887 902 3956 pulchris
926 3887 1036 3952 verbis,
1062 3887 1214 3955 dilucidis,
1240 3895 1322 3946 recte

202 3972 355 4029 collocatis
381 3971 562 4042 compositae
588 3988 594 4026 :
625 3975 729 4025 caveat
756 3971 835 4024 enim
866 3987 903 4024 ne
931 3971 1078 4040 operosior
1104 3971 1143 4026 sit
1172 3972 1222 4043 qui
1251 3975 1321 4030 vult

201 4056 379 4128 intellegi.»
401 4055 616 4124 (Anctrobors
636 4054 699 4111 clus
723 4053 753 4113 ui
775 4055 875 4118 brata,
898 4072 926 4112 v.
949 4055 1007 4113 1-9.
1034 4057 1171 4126 Bartsch,
1199 4057 1317 4117 Clrrcst.

202 4143 306 4208 Pron,
323 4158 352 4217 p.
369 4140 444 4210 149.)
