2860 4952
557 404 733 474 —ll—

88 606 263 672 momenti
284 611 316 672 et
339 605 411 690 jam
433 605 477 672 ab
497 605 735 672 Australibus
749 604 836 690 ipsis
859 605 896 671 in
916 604 1199 676 controversiam

88 720 279 790 artificiose
295 722 447 789 adducta
463 721 520 788 sit.

222 1025 252 1092 l.
287 1022 377 1105 Quid
401 1026 445 1092 de
469 1026 622 1093 obscuro
646 1044 776 1110 genere
800 1043 844 1092 ex
869 1024 1066 1110 lyricorum

341 1142 510 1227 operibus
534 1141 709 1227 comperti
734 1141 944 1210 habeamus.

127 1389 275 1458 Jamdiu
291 1391 458 1476 equidem
479 1392 765 1458 demonstratum
782 1391 850 1458 est*
870 1391 989 1460 nullas
1011 1397 1197 1478 poetarum

87 1507 242 1574 familias
263 1507 358 1592 apud
374 1507 616 1574 Provinciales
632 1508 754 1584 luisse,
773 1526 856 1574 eum
878 1507 1009 1576 borum
1031 1527 1137 1576 nemo
1157 1528 1199 1578 ex

87 1623 197 1690 ullius
216 1623 378 1708 magistri
394 1623 584 1708 disciplina
599 1623 780 1708 proiectus
796 1623 832 1688 in
848 1623 975 1690 litteris
988 1624 1198 1692 elaboraret.

87 1737 164 1818 Sed,
185 1740 218 1806 si
234 1757 361 1805 verum
379 1739 477 1823 loqui
493 1739 673 1816 volumus,
693 1739 956 1824 antiquissimis
970 1739 1042 1825 jam
1060 1745 1200 1825 tempo·

12 1879 14 1938 }
72 1833 186 1922 „ribus
201 1855 306 1940 lyrici
323 1860 446 1939 poetae
462 1854 555 1920 inter
571 1873 608 1920 se
622 1855 883 1932 dissenserunt,
899 1855 986 1922 dum
1001 1855 1061 1922 alii
1075 1855 1201 1922 ubscu-

87 1989 165 2037 rum
183 1970 326 2038 dicendi
341 1989 455 2056 genus
469 1967 603 2054 (trubur
615 1967 710 2055 clus),
726 1971 926 2038 dilucidum
941 1989 1054 2056 genus
1067 1968 1201 2054 (tratur

11 2073 13 2148 ἰ
87 2082 170 2171 rtur)
186 2087 248 2152 alii
265 2086 470 2172 praedicare
485 2087 612 2153 solent.

11 2185 13 2218 ‘
127 2201 323 2270 Permultis
350 2207 470 2268 autem
500 2187 618 2268 uerbis
646 2203 708 2269 sed
739 2202 833 2268 idem
865 2202 1068 2270 valentibus
1095 2203 1198 2287 lyrici

11 2317 13 2408 ᾖ
87 2318 282 2385 obscurum
308 2336 422 2403 genus
448 2319 666 2384 nominant:
693 2319 760 2384 boc
784 2318 881 2384 enlm
906 2335 975 2396 rur,
1003 2315 1064 2395 ric,
1088 2335 1196 2394 cartu,

10 2423 16 2524 i
86 2431 170 2511 aaut,
195 2430 305 2499 cobet-l
326 2433 479 2512 dicunt;
509 2440 633 2500 contra
658 2434 810 2500 alterum
833 2452 947 2518 genus
967 2429 1032 2510 lcu,
1056 2429 1195 2518 impier,

10 2545 12 2612 ἕ
83 2545 165 2632 plan
185 2549 381 2634 appellant.
401 2548 536 2628 Quibus
558 2550 676 2616 verbis
696 2550 769 2634 jam
791 2568 889 2616 nunc
909 2549 1066 2634 intellegi
1083 2555 1198 2635 potest

87 2664 168 2747 quid
183 2665 374 2749 utriusque
390 2666 531 2750 generis
548 2666 727 2750 peculiare
744 2666 800 2732 sit.

129 2779 218 2846 Nam
245 2781 305 2864 qui
334 2781 369 2846 in
398 2781 551 2847 obscuro
579 2782 716 2866 poetico
741 2800 870 2866 genere
898 2783 1136 2850 versabantur
1160 2783 1197 2848 in
1295 2814 1299 2819 ·

10 2963 11 2976 ,
86 2896 202 2963 verbis
214 2897 335 2963 omnia
349 2916 389 2963 ea
403 2897 614 2964 alleclabant
628 2898 759 2982 quibus
771 2917 829 2963 ars
843 2898 958 2983 magis
972 2898 1084 2964 ardua
1097 2898 1196 2966 fieret

10 3019 12 3084 j
88 3016 118 3076 et
142 3017 291 3081 tantum·
309 3013 426 3079 multo
454 3014 584 3079 sudore
609 3032 650 3079 ac
675 3014 795 3080 labere
820 3032 910 3098 opus
936 3014 1195 3098 perficiendum

87 3127 351 3196 existimabant.
371 3129 410 3194 ln
426 3130 586 3196 oratione
603 3130 712 3214 igitur
726 3130 845 3196 verbis
859 3131 914 3196 vel
929 3130 1119 3215 ambiguis,
1139 3133 1195 3199 vel

87 3240 265 3322 inauditis
282 3245 338 3312 vel
356 3245 538 3328 quaesitis,
556 3245 660 3311 dictis
675 3245 784 3311 simul
799 3246 979 3314 arcessitis
993 3252 1026 3313 et
1040 3248 1196 3332 quadam

87 3357 204 3426 odiosa
234 3360 428 3427 verborum
460 3367 653 3438 structura,
683 3366 744 3427 aut
773 3361 939 3428 similiter
970 3381 1033 3448 per
1060 3363 1195 3448 primas

88 3470 219 3542 litteras
236 3476 448 3544 sonantibus
466 3477 596 3553 verbis
615 3482 649 3542 el
665 3477 700 3542 in
718 3477 899 3544 struendis
915 3479 1080 3546 versibus
1096 3479 1196 3546 insu-

86 3584 153 3656 litis
169 3591 369 3659 rationibus
385 3592 436 3658 uti
449 3592 623 3659 solebant.

126 3704 214 3774 Cum
248 3709 428 3794 permulta
462 3709 667 3775 testimonia
700 3727 743 3775 cx
778 3710 1041 3794 antiquissimis
1080 3711 1193 3796 poetis

86 3824 222 3908 excerpi
256 3824 411 3908 possint,
450 3825 581 3908 quibus
616 3825 849 3890 manifestum
883 3825 944 3892 fiat
978 3827 1043 3892 bos
1078 3833 1110 3892 et
1149 3829 1193 3894 ad

88 3933 254 4005 obscurae
285 3939 402 4024 poesis
432 3940 591 4006 studium
625 3959 661 4006 se
695 3940 903 4019 contulisse,
935 3946 967 4008 et
998 3942 1041 4008 dc
1068 3942 1128 4008 illa
1156 3943 1192 4008 in

118 4128 142 4183 1.
161 4133 197 4187 V.
214 4134 247 4188 F.
265 4133 335 4188 Dieu
355 4148 369 4185 u
384 4132 440 4188 Dic
453 4133 560 4188 l'uesic
574 4132 626 4188 cler
642 4133 855 4190 Trouburlours
869 4151 883 4187 n
900 4136 1006 4206 gallice
1022 4154 1193 4200 conversae

87 4206 118 4264 de
130 4214 245 4282 Roisiu,
262 4235 291 4295 p.
308 4218 402 4274 19-21.
