2860 4952
601 383 603 386 ,
718 283 895 386 ·-ls'-

294 483 530 582 'contenderat
554 513 651 582 onim
672 513 854 598 quondam
880 511 1023 580 obscuri
1048 511 1190 598 generis
1215 508 1364 578 carmen

1421 472 1423 543 l

249 629 432 697 diliioilius
453 628 597 713 quidem
621 628 836 714 plerumque
852 627 1022 712 intellegi,
1046 628 1167 696 sedeo
1188 626 1367 711 maiorem
1422 612 1423 625 ¹

248 745 394 813 laudem
407 743 580 830 consequi
594 743 709 810 solere
722 765 730 824 ;
747 743 844 828 quod
856 743 913 810 his
927 743 1092 810 versibus
1105 743 1366 810 confirmatur:

601 935 690 997 S’t'eu
698 937 794 1016 joing
808 937 845 996 ni
861 937 925 996 lotz

547 1037 676 1090 menutz
688 1037 772 1090 motz
784 1037 916 1101 serrutz,

545 1126 640 1203 punis
654 1144 693 1184 en
705 1125 758 1184 sui
774 1125 914 1195 lauzatz,

448 1283 452 1292 ,
548 1239 637 1298 quun
651 1238 707 1278 ma
721 1237 813 1278 razos
828 1220 910 1278 bonu

543 1333 609 1392 pur
619 1315 657 1372 ui
671 1314 869 1372 s'abuudona
884 1331 894 1385 ;

546 1409 626 1468 c’om
636 1409 694 1468 beu
706 1408 901 1484 enseigootz,

647 1501 675 1560 si
688 1501 736 1562 bei
750 1520 786 1560 oe

544 1596 581 1654 ni
595 1613 672 1654 mon
691 1595 801 1654 decicit
816 1597 942 1674 chapte,

543 1708 609 1748 non
623 1688 686 1761 ool,
702 1689 737 1748 al
751 1689 840 1748 mieu
854 1688 968 1760 escien,

544 1783 592 1842 c'u
606 1787 668 1842 totz
683 1784 769 1844 chun
783 1783 1040 1844 comuualmew.

290 1969 398 2038 Illum
412 1988 497 2039 vero
511 1969 585 2056 jam
597 1969 634 2038 in
647 1988 689 2037 eo
702 1989 780 2038 esse
793 1975 833 2038 ut
846 1986 979 2040 novam
990 1964 1171 2038 scribendi
1184 1966 1365 2038 rationem

245 2087 386 2154 allectet
410 2086 567 2172 quodam
588 2084 749 2154 carmine
769 2086 1049 2163 demonstratur,
1073 2086 1204 2170 inquo
1230 2086 1365 2152 melius

245 2202 410 2270 loturum
430 2221 509 2268 esse
533 2201 618 2270 dicit
639 2201 668 2268 si
691 2201 975 2269 «cantiunculas
1000 2202 1111 2268 laetas
1135 2219 1220 2268 oum
1242 2201 1364 2268 verbis

245 2317 420 2402 pulchris
437 2317 537 2384 omni
550 2335 594 2383 ex
610 2321 710 2402 parte
726 2316 902 2383 dilucidas
915 2323 949 2384 et
969 2317 1107 2402 planas
1126 2335 1237 2407 quam
1251 2317 1364 2383 nimis

244 2433 416 2498 obscuras
432 2438 465 2499 et
481 2433 650 2499 distortas
666 2431 846 2499 ediderit¹.
868 2452 883 2497 n

290 2547 429 2613 Etenim
463 2553 595 2633 postea·
615 2546 650 2613 id
683 2548 793 2632 cupit,
828 2547 989 2614 carmina
1021 2566 1086 2615 sua
1115 2548 1159 2614 ab
1189 2547 1363 2616 omnibus

243 2657 414 2748 intellegi,
429 2669 468 2730 ut
483 2681 526 2729 ex
543 2663 730 2729 nonnullis
746 2663 911 2730 versibus
927 2663 1174 2749 conjecturem
1190 2663 1361 2742 iacimus

243 2778 374 2864 quibus
395 2783 429 2845 et
449 2783 596 2863 apparet
616 2783 753 2845 ceteros
778 2783 901 2864 poetas
926 2797 999 2846 non
1024 2784 1119 2846 recte
1139 2779 1364 2865 judicavisse

243 2894 330 2979 quid
344 2893 405 2961 ille
425 2898 617 2960 conaretur
637 2912 708 2977 quo
724 2893 876 2960 clariora
892 2895 1054 2962 carmina
1070 2893 1240 2962 conderet
1257 2912 1263 2960 :
1288 2913 1364 2982 quo

241 2993 286 3084 fit'
297 3014 336 3077 ut
350 3024 422 3076 non
436 3009 514 3077 sine
530 3010 688 3094 quodam
702 3011 889 3078 stomacho
905 3010 999 3078 dicat
1015 3029 1021 3076 :

240 3222 460 3279 illustrissimos
479 3220 585 3278 focio?
604 3223 642 3278 Et
656 3222 689 3277 in
705 3223 759 3277 hoo
774 3221 924 3278 elaboravi
939 3225 973 3280 ut
990 3222 1115 3279 subtiles
1131 3222 1267 3279 homines
1282 3241 1362 3295 ques

241 3307 393 3364 cantiones
409 3306 565 3363 conderem
581 3307 800 3376 intellegerent.
816 3323 830 3360 u
852 3307 866 3375 (
867 3307 916 3362 No
927 3323 1002 3380 poso
1016 3306 1113 3380 susrir
1127 3308 1196 3380 qu’a
1212 3307 1243 3363 la
1258 3306 1360 3377 dolor,

239 3408 269 3448 v.
286 3391 395 3460 61-663
416 3393 454 3447 P.
473 3393 508 3448 Ο.
524 3409 553 3463 p.
570 3393 646 3457 131.)

277 3504 303 3559 1.
326 3519 340 3557 u
412 3503 444 3558 Si
466 3503 556 3573 jungo
571 3507 600 3558 et
616 3507 700 3558 necto
721 3503 839 3558 minuta
860 3506 889 3558 et
910 3519 1011 3573 pressa
1029 3500 1255 3572 ve1·bn‚deinde
1274 3503 1313 3560 ob
1330 3503 1361 3560 id

239 3589 339 3662 ipsum
363 3588 477 3656 laudor,
498 3604 566 3642 cum
589 3604 687 3642 meum
713 3587 822 3643 bonum
845 3592 1053 3657 argumentum
1077 3593 1200 3658 apparet
1221 3593 1250 3644 et
1272 3589 1361 3659 quasi

239 3673 379 3729 omnibus
403 3673 613 3743 permittitur3
639 3689 709 3727 nam
736 3672 796 3727 scio
823 3672 987 3742 quemlibet
1011 3672 1110 3728 virum
1136 3673 1359 3741 doctissimum,

239 3762 318 3813 recte
333 3757 370 3812 de
385 3759 439 3812 hoc
454 3756 638 3826 judicantem
656 3773 815 3826 meumque
830 3757 876 3826 jus
897 3761 1041 3824 tuentem,
1058 3758 1138 3812 nolle
1153 3769 1201 3813 me
1217 3757 1360 3814 omnibus

238 3859 331 3912 oeque
350 3859 464 3898 canere.
482 3857 496 3894 u
519 3841 654 3915 (Luflors
670 3842 696 3896 el
711 3859 833 3914 oerqun,
857 3859 886 3896 v.
910 3841 1019 3910 36-463
1040 3842 1084 3897 M.
1107 3842 1143 3898 G.
1160 3841 1222 3910 848,
1239 3859 1275 3898 ex
1291 3845 1357 3900 eod.

238 3927 288 3992 Α.)
305 3955 336 3964 -
352 3928 419 3982 Non
435 3927 614 3982 sententiam
631 3926 768 3981 Kolsenii
779 3927 987 3996 approbamus,
1000 3926 1051 3996 qui
1063 3926 1221 3998 quemdum
1233 3926 1358 3983 Geraldi

239 4002 370 4066 amicum
386 4012 433 4066 his
447 4010 547 4066 verbis
562 4010 724 4080 significari
739 4010 904 4066 existimat.
922 4011 970 4076 (V.
988 4029 1034 4076 op.
1052 4009 1147 4075 laud„
1164 4027 1193 4082 p.
1207 4011 1266 4077 42.)

274 4123 301 4178 2.
322 4121 394 4178 Dcls
410 4123 469 4178 bele
485 4119 555 4196 elige
570 4121 797 4196 menutssrays,
812 4139 841 4178 v.
858 4121 944 4191 9-133
963 4121 1009 4178 M.
1030 4121 1065 4180 G.
1080 4121 1142 4191 241,
1156 4137 1192 4179 ex
1205 4122 1271 4189 cod,
1284 4121 1320 4180 C.
