2860 4952
545 383 723 463 -tl-

4 571 6 626 j
117 590 217 660 Nihil
236 592 403 677 equidem
420 593 607 660 honestius
623 591 693 659 dici
713 590 828 676 potuit
847 609 854 656 :
877 591 938 658 sed
955 587 1126 676 quidhoc
1148 585 1193 657 ad

3 757 5 808 t
70 705 226 775 artem?

118 821 227 902 Quin,
245 824 429 891 decadem
445 843 483 890 re
499 823 674 890 nonnulla
691 823 799 890 etiam
820 821 1029 908 diligentius
1049 821 1193 908 scripsit

3 1011 4 1016 ,
70 939 288 1007 Molinarius
306 959 313 1005 :
335 941 493 1025 quodam
508 941 605 1007 enim
623 941 700 1008 loco
716 940 896 1007 interdicit
917 939 1059 1024 nequis
1079 937 1192 1006 Deum

3 1069 7 1146 ³}
71 1057 243 1124 utilitatis
259 1075 345 1124 suae
360 1075 469 1124 causa
485 1057 652 1142 imploret
672 1074 679 1122 :
702 1057 796 1123 banc
811 1055 908 1123 eninr
930 1055 1193 1140 turpitudinem

69 1169 301 1257 (dezoncstot)
320 1171 525 1257 improbat:

3 1285 4 1293 ’
120 1307 137 1350 o
166 1287 390 1355 Yssbamens
405 1288 435 1354 si
458 1294 493 1354 tu
516 1306 690 1373 pregavas
710 1287 834 1354 Dieuo
855 1288 887 1354 la
908 1306 1031 1374 utapro
1047 1287 1090 1354 de
1107 1286 1193 1354 Dieu

2 1445 3 1456 ,
71 1409 161 1488 quet
178 1404 291 1470 dones
311 1422 420 1488 grans
440 1403 604 1488 riquezas
624 1421 644 1469 o
661 1409 744 1488 quet
761 1403 812 1470 les
828 1421 985 1490 avesque
1000 1421 1021 1470 o
1037 1403 1194 1488 quelque

2 1562 3 1618 l
70 1525 179 1587 autre
206 1520 333 1605 prelat,
360 1520 475 1604 aytals
500 1519 677 1586 demanda
703 1538 749 1586 no
774 1519 865 1586 seria
891 1519 985 1605 justa
1012 1519 1047 1586 ni
1074 1537 1194 1586 neces-

2 1621 3 1644 ³
70 1635 201 1701 saria¹.
222 1657 238 1700 n

117 1749 253 1818 Omnes
269 1749 582 1837 ergoGuillelmus
598 1753 642 1818 ad
663 1751 877 1819 modestiam
898 1751 1118 1828 cohortatur,
1138 1751 1193 1819 ri-

71 1867 184 1934 vendi
206 1868 449 1952 praeceptoris
463 1867 582 1952 potius
596 1886 704 1952 quam
720 1868 921 1934 litterarum
936 1867 1193 1936 existirnatoris

1 2019 2 2024 κ
71 1987 330 2068 partesagenS.
347 1982 416 2050 Sed
430 1983 516 2068 quid
536 1983 579 2049 de
597 1988 666 2049 tam
683 1983 808 2050 multis
821 1983 1045 2050 carminibus
1061 2003 1079 2050 a
1095 1989 1194 2051 uoto·

1 2115 2 2139 Ι
70 2095 1194 2185 ribuslyricisadprocerumbenevolentiamcaptandamcon-

71 2215 158 2281 ditis
171 2214 358 2293 sentiebat,
373 2215 404 2281 si
419 2234 463 2282 ne
478 2215 591 2282 Deum
604 2215 750 2300 quidem
761 2215 948 2300 efflagitari
961 2213 1193 2301 pariebatur?

117 2330 210 2397 Cum
227 2348 312 2397 vero
328 2331 416 2397 haec
432 2331 543 2398 nimia
560 2331 749 2398 severitate
767 2331 987 2416 praescripta
1003 2349 1081 2400 esse
1099 2331 1194 2399 ride·

70 2452 195 2525 antur,
212 2446 358 2513 duriora
374 2452 496 2513 tamen
512 2447 555 2513 de
570 2447 706 2514 eisdem
727 2447 835 2514 rebus
851 2447 887 2512 in
904 2443 1044 2532 lapibus
1059 2443 1194 2514 littoris

71 2561 319 2647 reperiuntur.
355 2561 489 2628 Locum
520 2563 713 2647 quemdam
745 2561 960 2647 respicimus
992 2581 1064 2648 quo
1092 2581 1194 2630 error

71 2676 220 2762 (erroro)
233 2683 272 2744 ut
286 2679 484 2744 sententiae
497 2677 627 2744 vitium
642 2678 867 2762 improbatur
884 2697 890 2745 :
914 2679 1001 2746 baec
1015 2677 1192 2747 Molinarii

72 2794 186 2861 verba
201 2793 246 2859 ad
266 2793 491 2878 religionem,
512 2811 583 2859 non
604 2793 677 2878 jam
698 2794 848 2860 omnino
864 2795 908 2862 ad
928 2793 1065 2862 litteras
1082 2795 1193 2880 perti-

73 2927 161 2976 nere
182 2909 315 2976 dixeris
339 2926 345 2973 :

119 3043 136 3087 a
165 3023 290 3091 Errors
306 3043 344 3091 es
359 3043 401 3091 us
415 3024 504 3091 vicis
520 3025 658 3110 lequals
672 3043 710 3092 es
726 3029 840 3092 assatz
854 3045 873 3092 a
887 3029 957 3092 lotz
974 3025 1193 3094 manilestze

1 3188 2 3230 ᾗ
73 3139 240 3206 notoris:
263 3157 355 3223 quar
375 3121 405 3205 si
425 3157 468 3205 cn
491 3139 601 3224 alqun
624 3139 734 3206 dictat
753 3158 813 3206 era
833 3139 967 3225 alquna
983 3157 1102 3208 errors
1123 3157 1192 3226 que

1 3289 2 3330 Ι
73 3272 141 3322 nos
163 3272 299 3340 pogues
313 3258 476 3321 sostener
491 3271 601 3339 segon
617 3253 704 3321 Dieu
721 3254 756 3320 ni
774 3273 883 3340 segon
901 3254 933 3322 la
954 3255 986 3322 le
1002 3255 1189 3342 catholica,

1 3372 2 3393 ¹
72 3370 195 3438 adonx
212 3369 327 3454 aytals
343 3371 510 3436 sentensa
531 3387 569 3435 es
590 3369 723 3436 viciosa
743 3387 787 3436 en
804 3375 864 3437 tan
881 3387 951 3456 que
971 3387 1017 3438 no
1033 3389 1071 3438 es
1085 3370 1193 3458 digna

1 3557 2 3578 ,
73 3487 117 3554 de
133 3484 264 3570 recitar
278 3484 316 3572 ni
332 3484 467 3552 d'esser
479 3484 642 3552 esoricha
657 3506 665 3564 ;
688 3503 754 3551 ans
770 3485 804 3552 la
823 3485 893 3554 deu
907 3486 992 3554 bom
1007 3487 1111 3556 ardre
1127 3505 1193 3554 en-

1 3580 3 3666 ἷ
72 3601 285 3669 contenen¹.
309 3589 325 3666 u

1 3865 2 3888 l
109 3835 136 3892 1.
158 3849 173 3888 o
195 3834 355 3902 Similiter,
372 3835 397 3890 si
412 3834 508 3891 Deum
524 3840 576 3892 aut
590 3835 646 3892 Dei
662 3841 788 3892 matrem
806 3835 968 3906 precareris
983 3841 1016 3894 ut
1032 3841 1060 3894 te
1076 3835 1193 3908 magnis

1 3915 2 3964 ἒ
73 3917 195 3976 divitiis
216 3920 349 3988 donaret,
366 3924 418 3976 aut
437 3926 471 3976 ut
490 3925 519 3975 te
539 3922 588 3976 vel
607 3921 778 3992 episcopum
799 3923 848 3976 vel
868 3921 973 3992 quovis
993 3921 1052 3977 alio
1072 3921 1193 3976 nomino

74 4007 242 4075 praesulem
270 4007 390 4071 faceret,
418 4005 477 4060 ista
504 4005 634 4075 precatio
663 4023 758 4076 neque
784 4021 878 4075 aequa
903 4023 999 4076 nequa
1027 4005 1193 4061 necessaria

1 4119 2 4164 l
74 4094 192 4145 esset.»
214 4088 414 4159 (lll,p.124).

1 4205 3 4218 '
109 4206 136 4261 2.
158 4221 173 4259 u
193 4205 283 4263 Error
297 4205 437 4262 omnibus
449 4205 523 4262 satio
536 4205 730 4262 manifestum
746 4209 909 4276 notumque
919 4205 1030 4262 vitium
1043 4210 1097 4262 est.
1112 4206 1191 4262 Nam
