<?xml version="1.0" encoding="UTF-8"?>
<!DOCTYPE html PUBLIC "-//W3C//DTD XHTML 1.0 Transitional//EN"
    "http://www.w3.org/TR/xhtml1/DTD/xhtml1-transitional.dtd">
<html xmlns="http://www.w3.org/1999/xhtml" xml:lang="en" lang="en">
 <head>
  <title>
</title>
<meta http-equiv="Content-Type" content="text/html;charset=utf-8" />
  <meta name='ocr-system' content='tesseract 3.04.00' />
  <meta name='ocr-capabilities' content='ocr_page ocr_carea ocr_par ocr_line ocrx_word'/>
</head>
<body>
  <div class='ocr_page' id='page_1' title='image "./quaejudiciadeli00andrgoog_0071.png"; bbox 0 0 2860 4952; ppageno 0'>
   <div class='ocr_carea' id='block_1_1' title="bbox 187 769 1053 844">
    <p class='ocr_par' dir='ltr' id='par_1_1' title="bbox 187 769 1053 844">
     <span class='ocr_line' id='line_1_1' title="bbox 187 769 1053 844; baseline 0 -16"><span class='ocrx_word' id='word_1_1' title='bbox 187 769 232 840; x_wconf 78' lang='lat' dir='ltr'>t).</span> <span class='ocrx_word' id='word_1_2' title='bbox 254 771 338 838; x_wconf 84' lang='lat' dir='ltr'>Quae</span> <span class='ocrx_word' id='word_1_3' title='bbox 356 771 397 828; x_wconf 84' lang='lat' dir='ltr'>sit</span> <span class='ocrx_word' id='word_1_4' title='bbox 415 773 512 844; x_wconf 84' lang='lat' dir='ltr'>poesis</span> <span class='ocrx_word' id='word_1_5' title='bbox 531 777 640 830; x_wconf 85' lang='lat' dir='ltr'>natura</span> <span class='ocrx_word' id='word_1_6' title='bbox 657 773 821 829; x_wconf 84' lang='lat' dir='ltr'>secuudum</span> <span class='ocrx_word' id='word_1_7' title='bbox 843 770 1053 829; x_wconf 85' lang='lat' dir='ltr'>Guittetmum.</span> 
     </span>
    </p>
   </div>
   <div class='ocr_carea' id='block_1_2' title="bbox 1 1001 1183 3519">
    <p class='ocr_par' dir='ltr' id='par_1_2' title="bbox 3 1001 1183 1672">
     <span class='ocr_line' id='line_1_2' title="bbox 98 1001 1182 1092; baseline 0.003 -21"><span class='ocrx_word' id='word_1_8' title='bbox 98 1004 143 1072; x_wconf 90' lang='lat' dir='ltr'>in</span> <span class='ocrx_word' id='word_1_9' title='bbox 166 1004 354 1074; x_wconf 90' lang='lat' dir='ltr'>Guittetmi</span> <span class='ocrx_word' id='word_1_10' title='bbox 374 1001 515 1090; x_wconf 80' lang='lat' dir='ltr'>tepidos</span> <span class='ocrx_word' id='word_1_11' title='bbox 539 1003 758 1092; x_wconf 89' lang='lat' dir='ltr'>paucissima</span> <span class='ocrx_word' id='word_1_12' title='bbox 781 1005 825 1072; x_wconf 91' lang='lat' dir='ltr'>de</span> <span class='ocrx_word' id='word_1_13' title='bbox 845 1005 984 1091; x_wconf 90' lang='lat' dir='ltr'>poetico</span> <span class='ocrx_word' id='word_1_14' title='bbox 1008 1005 1182 1074; x_wconf 88' lang='lat' dir='ltr'>instinctu</span> 
     </span>
     <span class='ocr_line' id='line_1_3' title="bbox 3 1118 1183 1209; baseline 0.003 -23"><span class='ocrx_word' id='word_1_15' title='bbox 3 1147 4 1152; x_wconf 41' lang='lat'>¹</span> <span class='ocrx_word' id='word_1_16' title='bbox 51 1118 316 1201; x_wconf 86' lang='lat' dir='ltr'>inveniuntur,</span> <span class='ocrx_word' id='word_1_17' title='bbox 339 1121 475 1209; x_wconf 89' lang='lat' dir='ltr'>dequo</span> <span class='ocrx_word' id='word_1_18' title='bbox 495 1121 532 1188; x_wconf 94' lang='lat' dir='ltr'>in</span> <span class='ocrx_word' id='word_1_19' title='bbox 553 1119 681 1205; x_wconf 92' lang='lat' dir='ltr'>primis</span> <span class='ocrx_word' id='word_1_20' title='bbox 701 1120 821 1208; x_wconf 89' lang='lat' dir='ltr'>quivis</span> <span class='ocrx_word' id='word_1_21' title='bbox 840 1119 934 1188; x_wconf 90' lang='lat' dir='ltr'>alius</span> <span class='ocrx_word' id='word_1_22' title='bbox 957 1121 1183 1190; x_wconf 84' lang='lat' dir='ltr'>existimator</span> 
     </span>
     <span class='ocr_line' id='line_1_4' title="bbox 3 1236 1181 1328; baseline 0.001 -23"><span class='ocrx_word' id='word_1_23' title='bbox 3 1291 5 1328; x_wconf 71' lang='lat' dir='ltr'>r</span> <span class='ocrx_word' id='word_1_24' title='bbox 51 1243 220 1306; x_wconf 82' lang='lat' dir='ltr'>curaret.</span> <span class='ocrx_word' id='word_1_25' title='bbox 238 1237 318 1305; x_wconf 92' lang='lat' dir='ltr'>Non</span> <span class='ocrx_word' id='word_1_26' title='bbox 331 1243 385 1306; x_wconf 90' lang='lat' dir='ltr'>est</span> <span class='ocrx_word' id='word_1_27' title='bbox 404 1255 471 1306; x_wconf 88' lang='lat' dir='ltr'>cur</span> <span class='ocrx_word' id='word_1_28' title='bbox 486 1236 555 1304; x_wconf 86' lang='lat' dir='ltr'>hoc</span> <span class='ocrx_word' id='word_1_29' title='bbox 570 1236 758 1315; x_wconf 88' lang='lat' dir='ltr'>miremur,</span> <span class='ocrx_word' id='word_1_30' title='bbox 773 1255 858 1306; x_wconf 92' lang='lat' dir='ltr'>cum</span> <span class='ocrx_word' id='word_1_31' title='bbox 874 1237 1029 1323; x_wconf 76' lang='lat' dir='ltr'>scriptor</span> <span class='ocrx_word' id='word_1_32' title='bbox 1043 1237 1181 1324; x_wconf 83' lang='lat' dir='ltr'>poesim</span> 
     </span>
     <span class='ocr_line' id='line_1_5' title="bbox 54 1351 1182 1440; baseline 0.002 -18"><span class='ocrx_word' id='word_1_33' title='bbox 54 1354 280 1440; x_wconf 89' lang='lat' dir='ltr'>praesertim</span> <span class='ocrx_word' id='word_1_34' title='bbox 311 1353 350 1420; x_wconf 91' lang='lat' dir='ltr'>in</span> <span class='ocrx_word' id='word_1_35' title='bbox 379 1351 499 1420; x_wconf 89' lang='lat' dir='ltr'>verbis</span> <span class='ocrx_word' id='word_1_36' title='bbox 527 1356 563 1419; x_wconf 89' lang='lat' dir='ltr'>et</span> <span class='ocrx_word' id='word_1_37' title='bbox 591 1351 757 1420; x_wconf 86' lang='lat' dir='ltr'>versibus</span> <span class='ocrx_word' id='word_1_38' title='bbox 787 1351 986 1438; x_wconf 83' lang='lat' dir='ltr'>deligendis</span> <span class='ocrx_word' id='word_1_39' title='bbox 1016 1361 1182 1424; x_wconf 81' lang='lat' dir='ltr'>constare</span> 
     </span>
     <span class='ocr_line' id='line_1_6' title="bbox 52 1465 1182 1556; baseline 0.004 -20"><span class='ocrx_word' id='word_1_40' title='bbox 52 1470 259 1538; x_wconf 82' lang='lat' dir='ltr'>existimet.</span> <span class='ocrx_word' id='word_1_41' title='bbox 274 1467 375 1548; x_wconf 80' lang='lat' dir='ltr'>Quod</span> <span class='ocrx_word' id='word_1_42' title='bbox 393 1469 467 1556; x_wconf 89' lang='lat' dir='ltr'>jam</span> <span class='ocrx_word' id='word_1_43' title='bbox 485 1474 563 1537; x_wconf 89' lang='lat' dir='ltr'>tum</span> <span class='ocrx_word' id='word_1_44' title='bbox 578 1487 662 1538; x_wconf 89' lang='lat' dir='ltr'>cum</span> <span class='ocrx_word' id='word_1_45' title='bbox 680 1468 833 1538; x_wconf 87' lang='lat' dir='ltr'>verbum</span> <span class='ocrx_word' id='word_1_46' title='bbox 846 1465 965 1536; x_wconf 85' lang='lat' dir='ltr'>trobor</span> <span class='ocrx_word' id='word_1_47' title='bbox 978 1470 1182 1540; x_wconf 83' lang='lat' dir='ltr'>definiendo</span> 
     </span>
     <span class='ocr_line' id='line_1_7' title="bbox 53 1586 411 1672; baseline -0.006 -19"><span class='ocrx_word' id='word_1_48' title='bbox 53 1586 220 1672; x_wconf 87' lang='lat' dir='ltr'>explicat</span> <span class='ocrx_word' id='word_1_49' title='bbox 240 1590 411 1671; x_wconf 90' lang='lat' dir='ltr'>apparet:</span> 
     </span>
    </p>

    <p class='ocr_par' dir='ltr' id='par_1_3' title="bbox 1 1700 1183 3290">
     <span class='ocr_line' id='line_1_8' title="bbox 102 1700 1182 1782; baseline 0.004 -14"><span class='ocrx_word' id='word_1_50' title='bbox 102 1721 120 1768; x_wconf 83' lang='lat' dir='ltr'>o</span> <span class='ocrx_word' id='word_1_51' title='bbox 147 1701 308 1768; x_wconf 88' lang='lat' dir='ltr'>Trobars</span> <span class='ocrx_word' id='word_1_52' title='bbox 327 1719 366 1768; x_wconf 87' lang='lat' dir='ltr'>es</span> <span class='ocrx_word' id='word_1_53' title='bbox 390 1701 445 1767; x_wconf 88' lang='lat' dir='ltr'>iar</span> <span class='ocrx_word' id='word_1_54' title='bbox 464 1700 545 1768; x_wconf 90' lang='lat' dir='ltr'>noel</span> <span class='ocrx_word' id='word_1_55' title='bbox 565 1701 674 1769; x_wconf 90' lang='lat' dir='ltr'>dictat</span> <span class='ocrx_word' id='word_1_56' title='bbox 694 1719 739 1768; x_wconf 91' lang='lat' dir='ltr'>en</span> <span class='ocrx_word' id='word_1_57' title='bbox 769 1718 916 1770; x_wconf 87' lang='lat' dir='ltr'>romans</span> <span class='ocrx_word' id='word_1_58' title='bbox 944 1701 980 1782; x_wconf 87' lang='lat' dir='ltr'>ss,</span> <span class='ocrx_word' id='word_1_59' title='bbox 1009 1703 1053 1772; x_wconf 88' lang='lat' dir='ltr'>be</span> <span class='ocrx_word' id='word_1_60' title='bbox 1079 1721 1182 1772; x_wconf 91' lang='lat' dir='ltr'>com-</span> 
     </span>
     <span class='ocr_line' id='line_1_9' title="bbox 56 1818 253 1904; baseline -0.02 -19"><span class='ocrx_word' id='word_1_61' title='bbox 56 1818 218 1904; x_wconf 84' lang='lat' dir='ltr'>passat¹.</span> <span class='ocrx_word' id='word_1_62' title='bbox 236 1838 253 1882; x_wconf 85' lang='lat' dir='ltr'>n</span> 
     </span>
     <span class='ocr_line' id='line_1_10' title="bbox 2 1931 1182 2019; baseline 0.003 -19"><span class='ocrx_word' id='word_1_63' title='bbox 2 1931 3 1940; x_wconf 76' lang='grc'>’</span> <span class='ocrx_word' id='word_1_64' title='bbox 102 1932 250 2002; x_wconf 82' lang='lat' dir='ltr'>Etenim</span> <span class='ocrx_word' id='word_1_65' title='bbox 271 1933 302 2000; x_wconf 94' lang='lat' dir='ltr'>si</span> <span class='ocrx_word' id='word_1_66' title='bbox 321 1932 433 2019; x_wconf 88' lang='lat' dir='ltr'>hujus</span> <span class='ocrx_word' id='word_1_67' title='bbox 452 1931 673 2002; x_wconf 89' lang='lat' dir='ltr'>definitionis</span> <span class='ocrx_word' id='word_1_68' title='bbox 697 1933 819 2000; x_wconf 93' lang='lat' dir='ltr'>omnia</span> <span class='ocrx_word' id='word_1_69' title='bbox 839 1933 948 2002; x_wconf 86' lang='lat' dir='ltr'>verba</span> <span class='ocrx_word' id='word_1_70' title='bbox 967 1933 1090 2002; x_wconf 94' lang='lat' dir='ltr'>animo</span> <span class='ocrx_word' id='word_1_71' title='bbox 1108 1935 1182 2003; x_wconf 88' lang='lat' dir='ltr'>cir-</span> 
     </span>
     <span class='ocr_line' id='line_1_11' title="bbox 56 2044 1181 2136; baseline 0.002 -20"><span class='ocrx_word' id='word_1_72' title='bbox 56 2049 296 2135; x_wconf 73' lang='lat' dir='ltr'>cumspicias</span> <span class='ocrx_word' id='word_1_73' title='bbox 315 2048 405 2115; x_wconf 87' lang='lat' dir='ltr'>haee</span> <span class='ocrx_word' id='word_1_74' title='bbox 420 2048 592 2136; x_wconf 85' lang='lat' dir='ltr'>primum,</span> <span class='ocrx_word' id='word_1_75' title='bbox 614 2044 693 2114; x_wconf 84' lang='lat' dir='ltr'>noel</span> <span class='ocrx_word' id='word_1_76' title='bbox 710 2045 826 2126; x_wconf 77' lang='lat' dir='ltr'>dictat,</span> <span class='ocrx_word' id='word_1_77' title='bbox 849 2049 987 2118; x_wconf 92' lang='lat' dir='ltr'>nuitius</span> <span class='ocrx_word' id='word_1_78' title='bbox 1007 2049 1181 2118; x_wconf 85' lang='lat' dir='ltr'><strong>momenti</strong></span> 
     </span>
     <span class='ocr_line' id='line_1_12' title="bbox 58 2161 1181 2253; baseline 0.003 -22"><span class='ocrx_word' id='word_1_79' title='bbox 58 2183 139 2234; x_wconf 88' lang='lat' dir='ltr'>esse</span> <span class='ocrx_word' id='word_1_80' title='bbox 167 2165 294 2243; x_wconf 88' lang='lat' dir='ltr'>dicas;</span> <span class='ocrx_word' id='word_1_81' title='bbox 316 2163 446 2231; x_wconf 86' lang='lat' dir='ltr'>deinde</span> <span class='ocrx_word' id='word_1_82' title='bbox 472 2164 571 2244; x_wconf 90' lang='lat' dir='ltr'>haec,</span> <span class='ocrx_word' id='word_1_83' title='bbox 598 2181 739 2230; x_wconf 73' lang='lat' dir='ltr'>romono</span> <span class='ocrx_word' id='word_1_84' title='bbox 763 2161 798 2253; x_wconf 73' lang='lat' dir='ltr'>fi,</span> <span class='ocrx_word' id='word_1_85' title='bbox 821 2163 987 2250; x_wconf 83' lang='lat' dir='ltr'>scriptori</span> <span class='ocrx_word' id='word_1_86' title='bbox 1013 2165 1181 2234; x_wconf 87' lang='lat' dir='ltr'>dictionis</span> 
     </span>
     <span class='ocr_line' id='line_1_13' title="bbox 10 2278 1179 2368; baseline 0.003 -22"><span class='ocrx_word' id='word_1_87' title='bbox 10 2299 13 2304; x_wconf 92' lang='lat'>·</span> <span class='ocrx_word' id='word_1_88' title='bbox 59 2280 315 2348; x_wconf 82' lang='lat' dir='ltr'>salubritatem</span> <span class='ocrx_word' id='word_1_89' title='bbox 336 2297 445 2346; x_wconf 87' lang='lat' dir='ltr'>curae</span> <span class='ocrx_word' id='word_1_90' title='bbox 459 2297 539 2347; x_wconf 88' lang='lat' dir='ltr'>esse</span> <span class='ocrx_word' id='word_1_91' title='bbox 553 2278 783 2358; x_wconf 86' lang='lat' dir='ltr'>consumant,</span> <span class='ocrx_word' id='word_1_92' title='bbox 801 2280 889 2347; x_wconf 96' lang='lat' dir='ltr'>dum</span> <span class='ocrx_word' id='word_1_93' title='bbox 905 2280 993 2349; x_wconf 89' lang='lat' dir='ltr'>haec</span> <span class='ocrx_word' id='word_1_94' title='bbox 1012 2281 1179 2368; x_wconf 87' lang='lat' dir='ltr'>denique,</span> 
     </span>
     <span class='ocr_line' id='line_1_14' title="bbox 1 2390 1180 2488; baseline 0.003 -28"><span class='ocrx_word' id='word_1_95' title='bbox 1 2453 2 2488; x_wconf 16' lang='grc' dir='ltr'>ἶ</span> <span class='ocrx_word' id='word_1_96' title='bbox 58 2390 95 2460; x_wconf 83' lang='lat' dir='ltr'>bc</span> <span class='ocrx_word' id='word_1_97' title='bbox 115 2401 318 2482; x_wconf 70' lang='lat' dir='ltr'>compareat,</span> <span class='ocrx_word' id='word_1_98' title='bbox 341 2395 466 2480; x_wconf 88' lang='lat' dir='ltr'>quanti</span> <span class='ocrx_word' id='word_1_99' title='bbox 487 2395 532 2462; x_wconf 93' lang='lat' dir='ltr'>sit</span> <span class='ocrx_word' id='word_1_100' title='bbox 553 2395 728 2462; x_wconf 87' lang='lat' dir='ltr'>momenti</span> <span class='ocrx_word' id='word_1_101' title='bbox 748 2399 873 2481; x_wconf 87' lang='lat' dir='ltr'>poetae</span> <span class='ocrx_word' id='word_1_102' title='bbox 888 2395 933 2462; x_wconf 88' lang='lat' dir='ltr'>ad</span> <span class='ocrx_word' id='word_1_103' title='bbox 953 2395 1053 2464; x_wconf 91' lang='lat' dir='ltr'>ittam</span> <span class='ocrx_word' id='word_1_104' title='bbox 1070 2397 1180 2465; x_wconf 91' lang='lat' dir='ltr'>disci-</span> 
     </span>
     <span class='ocr_line' id='line_1_15' title="bbox 61 2510 935 2606; baseline 0.002 -29"><span class='ocrx_word' id='word_1_105' title='bbox 61 2511 201 2595; x_wconf 89' lang='lat' dir='ltr'>plinam</span> <span class='ocrx_word' id='word_1_106' title='bbox 219 2510 412 2578; x_wconf 76' lang='lat' dir='ltr'>informato</span> <span class='ocrx_word' id='word_1_107' title='bbox 428 2528 485 2577; x_wconf 89' lang='lat' dir='ltr'>res</span> <span class='ocrx_word' id='word_1_108' title='bbox 505 2510 654 2578; x_wconf 90' lang='lat' dir='ltr'>metrica</span> <span class='ocrx_word' id='word_1_109' title='bbox 674 2511 935 2606; x_wconf 84' lang='lat' dir='ltr'>demonstrant.</span> 
     </span>
     <span class='ocr_line' id='line_1_16' title="bbox 1 2625 1181 2714; baseline 0.001 -21"><span class='ocrx_word' id='word_1_110' title='bbox 1 2665 2 2712; x_wconf 59' lang='lat'>3</span> <span class='ocrx_word' id='word_1_111' title='bbox 104 2627 156 2694; x_wconf 85' lang='lat' dir='ltr'>Ex</span> <span class='ocrx_word' id='word_1_112' title='bbox 178 2626 223 2692; x_wconf 93' lang='lat' dir='ltr'>iis</span> <span class='ocrx_word' id='word_1_113' title='bbox 242 2631 365 2693; x_wconf 90' lang='lat' dir='ltr'>autem</span> <span class='ocrx_word' id='word_1_114' title='bbox 381 2625 469 2692; x_wconf 92' lang='lat' dir='ltr'>iocis</span> <span class='ocrx_word' id='word_1_115' title='bbox 490 2626 551 2711; x_wconf 88' lang='lat' dir='ltr'>qui</span> <span class='ocrx_word' id='word_1_116' title='bbox 567 2625 612 2692; x_wconf 89' lang='lat' dir='ltr'>ad</span> <span class='ocrx_word' id='word_1_117' title='bbox 633 2625 751 2711; x_wconf 93' lang='lat' dir='ltr'>poesis</span> <span class='ocrx_word' id='word_1_118' title='bbox 768 2631 935 2693; x_wconf 89' lang='lat' dir='ltr'>naturam</span> <span class='ocrx_word' id='word_1_119' title='bbox 956 2633 1131 2714; x_wconf 87' lang='lat' dir='ltr'>spectant,</span> <span class='ocrx_word' id='word_1_120' title='bbox 1150 2628 1181 2694; x_wconf 91' lang='lat' dir='ltr'>is</span> 
     </span>
     <span class='ocr_line' id='line_1_17' title="bbox 61 2739 1182 2829; baseline 0.003 -21.797"><span class='ocrx_word' id='word_1_121' title='bbox 61 2747 113 2809; x_wconf 91' lang='lat' dir='ltr'>est</span> <span class='ocrx_word' id='word_1_122' title='bbox 137 2741 291 2808; x_wconf 89' lang='lat' dir='ltr'>maximi</span> <span class='ocrx_word' id='word_1_123' title='bbox 308 2740 484 2826; x_wconf 88' lang='lat' dir='ltr'>ponderis</span> <span class='ocrx_word' id='word_1_124' title='bbox 500 2759 573 2826; x_wconf 87' lang='lat' dir='ltr'>quo</span> <span class='ocrx_word' id='word_1_125' title='bbox 592 2739 809 2808; x_wconf 91' lang='lat' dir='ltr'>Guittetmus</span> <span class='ocrx_word' id='word_1_126' title='bbox 829 2761 900 2827; x_wconf 84' lang='lat' dir='ltr'>qua</span> <span class='ocrx_word' id='word_1_127' title='bbox 921 2743 1059 2810; x_wconf 89' lang='lat' dir='ltr'>ratione</span> <span class='ocrx_word' id='word_1_128' title='bbox 1079 2748 1182 2829; x_wconf 87' lang='lat' dir='ltr'>poeta</span> 
     </span>
     <span class='ocr_line' id='line_1_18' title="bbox 1 2855 1182 2944; baseline 0.005 -24"><span class='ocrx_word' id='word_1_129' title='bbox 1 2855 2 2920; x_wconf 71' lang='grc' dir='ltr'>ξ</span> <span class='ocrx_word' id='word_1_130' title='bbox 62 2873 153 2942; x_wconf 91' lang='lat' dir='ltr'>opus</span> <span class='ocrx_word' id='word_1_131' title='bbox 168 2856 314 2942; x_wconf 82' lang='lat' dir='ltr'>aggredi</span> <span class='ocrx_word' id='word_1_132' title='bbox 327 2856 453 2924; x_wconf 89' lang='lat' dir='ltr'>debeat</span> <span class='ocrx_word' id='word_1_133' title='bbox 466 2855 614 2941; x_wconf 88' lang='lat' dir='ltr'>exponit</span> <span class='ocrx_word' id='word_1_134' title='bbox 630 2874 637 2922; x_wconf 93' lang='lat'>:</span> <span class='ocrx_word' id='word_1_135' title='bbox 656 2874 729 2923; x_wconf 94' lang='lat' dir='ltr'>nou</span> <span class='ocrx_word' id='word_1_136' title='bbox 742 2857 839 2942; x_wconf 91' lang='lat' dir='ltr'>quod</span> <span class='ocrx_word' id='word_1_137' title='bbox 852 2857 1030 2926; x_wconf 92' lang='lat' dir='ltr'>sententia</span> <span class='ocrx_word' id='word_1_138' title='bbox 1043 2857 1122 2944; x_wconf 81' lang='lat' dir='ltr'>eius</span> <span class='ocrx_word' id='word_1_139' title='bbox 1135 2858 1182 2926; x_wconf 86' lang='lat' dir='ltr'>sit</span> 
     </span>
     <span class='ocr_line' id='line_1_19' title="bbox 1 2971 1183 3066; baseline 0.003 -27"><span class='ocrx_word' id='word_1_140' title='bbox 1 3051 2 3066; x_wconf 10' lang='grc' dir='ltr'>χ</span> <span class='ocrx_word' id='word_1_141' title='bbox 64 2973 262 3056; x_wconf 87' lang='lat' dir='ltr'>probanda,</span> <span class='ocrx_word' id='word_1_142' title='bbox 292 2972 355 3039; x_wconf 88' lang='lat' dir='ltr'>sed</span> <span class='ocrx_word' id='word_1_143' title='bbox 384 2971 469 3058; x_wconf 89' lang='lat' dir='ltr'>quia</span> <span class='ocrx_word' id='word_1_144' title='bbox 499 2990 680 3057; x_wconf 88' lang='lat' dir='ltr'>nusquam</span> <span class='ocrx_word' id='word_1_145' title='bbox 707 2971 841 3040; x_wconf 85' lang='lat' dir='ltr'>otarius</span> <span class='ocrx_word' id='word_1_146' title='bbox 867 2973 1022 3058; x_wconf 90' lang='lat' dir='ltr'>scriptor</span> <span class='ocrx_word' id='word_1_147' title='bbox 1050 2973 1183 3044; x_wconf 88' lang='lat' dir='ltr'>detexit</span> 
     </span>
     <span class='ocr_line' id='line_1_20' title="bbox 1 3068 1180 3175; baseline 0.003 -21"><span class='ocrx_word' id='word_1_148' title='bbox 1 3068 2 3126; x_wconf 43' lang='grc' dir='ltr'>ἶ</span> <span class='ocrx_word' id='word_1_149' title='bbox 65 3089 151 3172; x_wconf 88' lang='lat' dir='ltr'>quid</span> <span class='ocrx_word' id='word_1_150' title='bbox 168 3087 206 3155; x_wconf 95' lang='lat' dir='ltr'>in</span> <span class='ocrx_word' id='word_1_151' title='bbox 220 3087 386 3155; x_wconf 90' lang='lat' dir='ltr'>versibus</span> <span class='ocrx_word' id='word_1_152' title='bbox 402 3087 601 3154; x_wconf 88' lang='lat' dir='ltr'>condendis</span> <span class='ocrx_word' id='word_1_153' title='bbox 615 3085 785 3155; x_wconf 87' lang='lat' dir='ltr'>omuibus</span> <span class='ocrx_word' id='word_1_154' title='bbox 799 3089 907 3155; x_wconf 90' lang='lat' dir='ltr'>rebus</span> <span class='ocrx_word' id='word_1_155' title='bbox 921 3095 1157 3175; x_wconf 87' lang='lat' dir='ltr'>praeponeret</span> <span class='ocrx_word' id='word_1_156' title='bbox 1172 3107 1180 3158; x_wconf 92' lang='lat'>:</span> 
     </span>
     <span class='ocr_line' id='line_1_21' title="bbox 64 3201 922 3290; baseline 0.005 -23"><span class='ocrx_word' id='word_1_157' title='bbox 64 3201 98 3270; x_wconf 94' lang='lat' dir='ltr'>id</span> <span class='ocrx_word' id='word_1_158' title='bbox 118 3209 229 3290; x_wconf 89' lang='lat' dir='ltr'>caput</span> <span class='ocrx_word' id='word_1_159' title='bbox 245 3202 494 3289; x_wconf 82' lang='lat' dir='ltr'>significamus</span> <span class='ocrx_word' id='word_1_160' title='bbox 511 3204 607 3288; x_wconf 88' lang='lat' dir='ltr'>quod</span> <span class='ocrx_word' id='word_1_161' title='bbox 623 3203 671 3270; x_wconf 89' lang='lat' dir='ltr'>ita</span> <span class='ocrx_word' id='word_1_162' title='bbox 687 3203 898 3271; x_wconf 87' lang='lat' dir='ltr'>inscribitur</span> <span class='ocrx_word' id='word_1_163' title='bbox 915 3221 922 3271; x_wconf 91' lang='lat'><strong>:</strong></span> 
     </span>
    </p>

    <p class='ocr_par' dir='ltr' id='par_1_4' title="bbox 1 3317 1183 3519">
     <span class='ocr_line' id='line_1_22' title="bbox 108 3317 1183 3405; baseline 0.005 -22"><span class='ocrx_word' id='word_1_164' title='bbox 108 3337 124 3383; x_wconf 84' lang='lat' dir='ltr'>u</span> <span class='ocrx_word' id='word_1_165' title='bbox 152 3318 286 3385; x_wconf 88' lang='lat' dir='ltr'>Mostra</span> <span class='ocrx_word' id='word_1_166' title='bbox 302 3337 366 3404; x_wconf 92' lang='lat' dir='ltr'>per</span> <span class='ocrx_word' id='word_1_167' title='bbox 378 3318 463 3403; x_wconf 89' lang='lat' dir='ltr'>qual</span> <span class='ocrx_word' id='word_1_168' title='bbox 481 3317 640 3386; x_wconf 90' lang='lat' dir='ltr'>maniera</span> <span class='ocrx_word' id='word_1_169' title='bbox 654 3324 714 3405; x_wconf 92' lang='lat' dir='ltr'>pot</span> <span class='ocrx_word' id='word_1_170' title='bbox 730 3319 816 3385; x_wconf 90' lang='lat' dir='ltr'>hom</span> <span class='ocrx_word' id='word_1_171' title='bbox 830 3319 942 3388; x_wconf 87' lang='lat' dir='ltr'>haver</span> <span class='ocrx_word' id='word_1_172' title='bbox 956 3319 1183 3390; x_wconf 90' lang='lat' dir='ltr'>entroduotio</span> 
     </span>
     <span class='ocr_line' id='line_1_23' title="bbox 1 3433 1180 3519; baseline 0.003 -20"><span class='ocrx_word' id='word_1_173' title='bbox 1 3443 2 3474; x_wconf 75' lang='lat'>³</span> <span class='ocrx_word' id='word_1_174' title='bbox 66 3449 107 3500; x_wconf 89' lang='lat' dir='ltr'>en</span> <span class='ocrx_word' id='word_1_175' title='bbox 120 3434 274 3502; x_wconf 89' lang='lat' dir='ltr'>materia</span> <span class='ocrx_word' id='word_1_176' title='bbox 293 3433 381 3501; x_wconf 87' lang='lat' dir='ltr'>aiar</span> <span class='ocrx_word' id='word_1_177' title='bbox 396 3452 478 3501; x_wconf 93' lang='lat' dir='ltr'>vers</span> <span class='ocrx_word' id='word_1_178' title='bbox 493 3433 661 3501; x_wconf 86' lang='lat' dir='ltr'>eotranso</span> <span class='ocrx_word' id='word_1_179' title='bbox 677 3440 710 3501; x_wconf 89' lang='lat' dir='ltr'>et</span> <span class='ocrx_word' id='word_1_180' title='bbox 726 3433 831 3519; x_wconf 86' lang='lat' dir='ltr'>aiqus</span> <span class='ocrx_word' id='word_1_181' title='bbox 851 3439 973 3503; x_wconf 89' lang='lat' dir='ltr'>autres</span> <span class='ocrx_word' id='word_1_182' title='bbox 986 3435 1145 3504; x_wconf 83' lang='lat' dir='ltr'>dictatz¹.</span> <span class='ocrx_word' id='word_1_183' title='bbox 1164 3457 1180 3502; x_wconf 79' lang='lat' dir='ltr'>n</span> 
     </span>
    </p>
   </div>
   <div class='ocr_carea' id='block_1_3' title="bbox 66 3701 1181 3860">
    <p class='ocr_par' dir='ltr' id='par_1_5' title="bbox 66 3701 1181 3860">
     <span class='ocr_line' id='line_1_24' title="bbox 98 3701 1181 3777; baseline 0.003 -18"><span class='ocrx_word' id='word_1_184' title='bbox 98 3702 124 3760; x_wconf 93' lang='lat'>1.</span> <span class='ocrx_word' id='word_1_185' title='bbox 147 3717 163 3757; x_wconf 84' lang='lat' dir='ltr'>o</span> <span class='ocrx_word' id='word_1_186' title='bbox 183 3701 239 3759; x_wconf 88' lang='lat' dir='ltr'>Ille</span> <span class='ocrx_word' id='word_1_187' title='bbox 253 3707 298 3758; x_wconf 84' lang='lat' dir='ltr'>est</span> <span class='ocrx_word' id='word_1_188' title='bbox 310 3708 397 3774; x_wconf 86' lang='lat' dir='ltr'>poeta</span> <span class='ocrx_word' id='word_1_189' title='bbox 409 3703 460 3774; x_wconf 91' lang='lat' dir='ltr'>qui</span> <span class='ocrx_word' id='word_1_190' title='bbox 476 3703 579 3774; x_wconf 84' lang='lat' dir='ltr'>lingua</span> <span class='ocrx_word' id='word_1_191' title='bbox 593 3705 729 3760; x_wconf 83' lang='lat' dir='ltr'>Romana</span> <span class='ocrx_word' id='word_1_192' title='bbox 742 3705 779 3761; x_wconf 88' lang='lat' dir='ltr'>ad</span> <span class='ocrx_word' id='word_1_193' title='bbox 793 3721 904 3760; x_wconf 88' lang='lat' dir='ltr'>novum</span> <span class='ocrx_word' id='word_1_194' title='bbox 917 3721 990 3776; x_wconf 90' lang='lat' dir='ltr'>opus</span> <span class='ocrx_word' id='word_1_195' title='bbox 1005 3721 1181 3777; x_wconf 83' lang='lat' dir='ltr'>componen-</span> 
     </span>
     <span class='ocr_line' id='line_1_25' title="bbox 66 3785 830 3860; baseline 0.004 -18"><span class='ocrx_word' id='word_1_196' title='bbox 66 3785 134 3844; x_wconf 92' lang='lat' dir='ltr'>dum</span> <span class='ocrx_word' id='word_1_197' title='bbox 149 3789 307 3844; x_wconf 87' lang='lat' dir='ltr'>emendate</span> <span class='ocrx_word' id='word_1_198' title='bbox 322 3793 351 3844; x_wconf 87' lang='lat' dir='ltr'>et</span> <span class='ocrx_word' id='word_1_199' title='bbox 366 3805 522 3844; x_wconf 89' lang='lat' dir='ltr'>numerose</span> <span class='ocrx_word' id='word_1_200' title='bbox 537 3789 642 3844; x_wconf 83' lang='lat' dir='ltr'>utitur.</span> <span class='ocrx_word' id='word_1_201' title='bbox 660 3805 674 3842; x_wconf 87' lang='lat' dir='ltr'>n</span> <span class='ocrx_word' id='word_1_202' title='bbox 695 3791 729 3857; x_wconf 83' lang='lat'>(1,</span> <span class='ocrx_word' id='word_1_203' title='bbox 747 3806 775 3860; x_wconf 92' lang='lat' dir='ltr'>p.</span> <span class='ocrx_word' id='word_1_204' title='bbox 791 3788 830 3856; x_wconf 83' lang='lat'>8).</span> 
     </span>
    </p>
   </div>
   <div class='ocr_carea' id='block_1_4' title="bbox 68 3899 1183 4056">
    <p class='ocr_par' dir='ltr' id='par_1_6' title="bbox 68 3899 1183 4056">
     <span class='ocr_line' id='line_1_26' title="bbox 99 3899 1183 3970; baseline 0.002 -14"><span class='ocrx_word' id='word_1_205' title='bbox 99 3900 125 3956; x_wconf 80' lang='lat'>2.</span> <span class='ocrx_word' id='word_1_206' title='bbox 148 3915 163 3953; x_wconf 84' lang='lat' dir='ltr'>u</span> <span class='ocrx_word' id='word_1_207' title='bbox 183 3901 313 3956; x_wconf 86' lang='lat' dir='ltr'>Doeetur</span> <span class='ocrx_word' id='word_1_208' title='bbox 333 3899 524 3970; x_wconf 75' lang='lat' dir='ltr'>quaestione</span> <span class='ocrx_word' id='word_1_209' title='bbox 543 3905 720 3970; x_wconf 78' lang='lat' dir='ltr'>argumente</span> <span class='ocrx_word' id='word_1_210' title='bbox 740 3917 881 3957; x_wconf 81' lang='lat' dir='ltr'>versuum</span> <span class='ocrx_word' id='word_1_211' title='bbox 904 3905 933 3957; x_wconf 88' lang='lat' dir='ltr'>et</span> <span class='ocrx_word' id='word_1_212' title='bbox 955 3900 1128 3958; x_wconf 83' lang='lat' dir='ltr'>cautionum</span> <span class='ocrx_word' id='word_1_213' title='bbox 1153 3906 1183 3958; x_wconf 84' lang='lat' dir='ltr'>et</span> 
     </span>
     <span class='ocr_line' id='line_1_27' title="bbox 68 3984 1180 4056; baseline 0.004 -19"><span class='ocrx_word' id='word_1_214' title='bbox 68 3986 278 4049; x_wconf 86' lang='lat' dir='ltr'>nonnullorum</span> <span class='ocrx_word' id='word_1_215' title='bbox 301 3984 428 4040; x_wconf 82' lang='lat' dir='ltr'>aliorum</span> <span class='ocrx_word' id='word_1_216' title='bbox 450 3989 619 4055; x_wconf 87' lang='lat' dir='ltr'>poematum</span> <span class='ocrx_word' id='word_1_217' title='bbox 640 3984 773 4040; x_wconf 89' lang='lat' dir='ltr'>inveniri</span> <span class='ocrx_word' id='word_1_218' title='bbox 795 3985 952 4056; x_wconf 84' lang='lat' dir='ltr'>possint.»</span> <span class='ocrx_word' id='word_1_219' title='bbox 972 3987 1036 4053; x_wconf 87' lang='lat'>(111,</span> <span class='ocrx_word' id='word_1_220' title='bbox 1056 4002 1086 4056; x_wconf 90' lang='lat' dir='ltr'>p.</span> <span class='ocrx_word' id='word_1_221' title='bbox 1106 3985 1180 4054; x_wconf 80' lang='lat'>376).</span> 
     </span>
    </p>
   </div>
   <div class='ocr_carea' id='block_1_5' title="bbox 68 4066 1181 4210">
    <p class='ocr_par' dir='ltr' id='par_1_7' title="bbox 68 4066 1181 4210">
     <span class='ocr_line' id='line_1_28' title="bbox 68 4066 1181 4206; baseline 0.002 -82"><span class='ocrx_word' id='word_1_222' title='bbox 68 4066 123 4206; x_wconf 49' lang='lat' dir='ltr'>{iic</span> <span class='ocrx_word' id='word_1_223' title='bbox 140 4086 241 4126; x_wconf 76' lang='lat' dir='ltr'>versus</span> <span class='ocrx_word' id='word_1_224' title='bbox 256 4069 405 4140; x_wconf 85' lang='lat' dir='ltr'>poeticum</span> <span class='ocrx_word' id='word_1_225' title='bbox 421 4085 513 4140; x_wconf 85' lang='lat' dir='ltr'>genus</span> <span class='ocrx_word' id='word_1_226' title='bbox 529 4069 715 4126; x_wconf 86' lang='lat' dir='ltr'>Provinciali</span> <span class='ocrx_word' id='word_1_227' title='bbox 730 4086 865 4127; x_wconf 87' lang='lat' dir='ltr'>sermone</span> <span class='ocrx_word' id='word_1_228' title='bbox 880 4087 945 4126; x_wconf 80' lang='lat' dir='ltr'>cors</span> <span class='ocrx_word' id='word_1_229' title='bbox 960 4068 1075 4127; x_wconf 86' lang='lat' dir='ltr'>dictum</span> <span class='ocrx_word' id='word_1_230' title='bbox 1091 4069 1181 4142; x_wconf 80' lang='lat' dir='ltr'>sigui·</span> 
     </span>
     <span class='ocr_line' id='line_1_29' title="bbox 87 4157 143 4210; baseline 0.036 -2"><span class='ocrx_word' id='word_1_231' title='bbox 87 4157 143 4210; x_wconf 84' lang='lat' dir='ltr'>cat.</span> 
     </span>
    </p>
   </div>
   <div class='ocr_carea' id='block_1_6' title="bbox 0 0 1457 4952">
    <p class='ocr_par' dir='ltr' id='par_1_8' title="bbox 0 0 1457 4952">
     <span class='ocr_line' id='line_1_30' title="bbox 0 0 1457 4952; baseline 0 0"><span class='ocrx_word' id='word_1_232' title='bbox 0 0 1457 4952; x_wconf 95' lang='lat' dir='ltr'> </span> 
     </span>
    </p>
   </div>
  </div>
 </body>
</html>
