2860 4952
684 307 862 389 ..66-

254 514 422 584 Attamen
439 515 582 584 veniam
598 516 794 601 quamdam
809 515 1003 584 Guiilelmo
1019 515 1097 582 dari
1113 517 1229 594 decet,
1248 512 1344 601 quia

211 637 349 700 veteres
364 631 479 717 lyrici,
498 650 654 717 quorum
675 632 812 718 poesim
829 632 974 717 respicit
994 632 1082 698 dum
1099 632 1148 698 ita
1164 632 1342 717 loquitur

213 747 313 836 (nam
325 747 459 814 rectius
473 748 572 814 huuc
585 747 732 814 illorum
745 753 840 814 artes
851 747 1085 833 consignasse
1097 766 1209 832 quam
1222 765 1345 814 novas

211 867 307 931 artes
336 862 374 930 in
405 863 567 931 medium
601 862 765 930 attulisse
794 859 954 948 dixeris),
992 863 1069 928 istis
1098 863 1346 948 «implicatis

212 979 318 1065 nugis
337 1000 352 1043 u
374 997 480 1066 saepe
497 979 729 1046 indulserunt
747 997 753 1043 :
777 997 862 1064 ergo
877 997 918 1046 ea
934 978 1176 1063 componendi
1193 979 1344 1044 ratione

212 1113 320 1179 quam
337 1095 594 1161 commendare
607 1100 759 1161 conatur
772 1093 988 1161 Guiilelmus
1004 1099 1038 1161 et
1053 1075 1123 1178 ipsi
1139 1094 1192 1160 uti
1210 1099 1345 1178 potue-

211 1215 308 1278 runt.
328 1209 396 1277 Sed
408 1228 492 1288 non,
509 1209 593 1295 quia
609 1210 678 1277 hoc
690 1210 911 1288 conceditur,
928 1210 1061 1277 idcirco
1075 1210 1343 1277 contendimus

211 1343 338 1392 omnes
359 1325 546 1393 Australes
570 1325 701 1409 lyricos
726 1325 787 1391 iiia
812 1325 950 1392 ratione
974 1329 1163 1392 contentos
1185 1325 1307 1391 inisse
1332 1345 1340 1391 :

213 1440 283 1507 nisi
296 1458 381 1508 vero
393 1441 474 1526 quis
486 1440 816 1525 praestantissimos
829 1458 872 1506 ex
884 1440 956 1506 iilis
968 1439 1055 1525 quid
1066 1440 1197 1507 dicturi
1211 1447 1343 1508 essent

211 1555 350 1623 nescire
364 1556 489 1624 solitos
503 1573 593 1633 esse,
609 1559 804 1640 antequam
818 1555 927 1622 verba
943 1555 1180 1622 consonantia
1193 1555 1344 1624 inveni-

210 1677 302 1750 rent,
321 1671 514 1738 existimat.

254 1785 374 1854 Unum
394 1791 515 1856 autem
535 1804 578 1852 ex
599 1785 811 1852 clarissimis
833 1785 967 1870 lyricis,
991 1785 1217 1853 Bernardum
1235 1785 1340 1854 Ven-

208 1903 475 1982 tadornensem,
501 1901 608 1967 aliam
632 1901 726 1968 viam
751 1901 999 1968 inscribendo
1024 1907 1192 1968 secutum
1216 1902 1338 1970 fuisse

208 2022 360 2086 constat.
382 2017 444 2084 Ille
459 2017 557 2085 enim
573 2017 610 2084 in
626 2017 743 2102 prima
757 2016 949 2102 cujusdam
964 2017 1138 2084 carminis
1158 2024 1260 2104 parte
1285 2020 1335 2087 de

210 2133 464 2220 mmmm

472 2286 631 2346 coactare
647 2305 688 2346 uo
703 2292 760 2364 pot
775 2286 1006 2363 9616116υαί61,

469 2381 497 2439 ei
512 2381 595 2439 d'ios
611 2379 663 2438 del
676 2398 729 2440 cor
740 2398 782 2438 uo
797 2397 874 2438 mou
890 2379 919 2438 lo
935 2381 1047 2451 chaos,

469 2474 506 2532 oi
521 2476 621 2532 chaos
636 2492 677 2532 uo
690 2479 747 2551 pot
762 2472 813 2532 del
828 2491 882 2532 eor
896 2491 1014 2544 moder,

469 2567 498 2625 si
512 2585 553 2624 oo
566 2567 579 2624 t
594 2585 623 2625 es
640 2566 695 2644 firt’
711 2585 818 2624 amors
834 2584 948 2625 coraus
963 2585 975 2640 ;

465 2679 526 2738 per
540 2679 572 2718 so
588 2679 618 2719 es
635 2662 870 2718 moechantem
887 2661 1016 2730 coboea,

471 2753 565 2830 qu'eu
574 2753 632 2831 joy
648 2753 774 2812 d'amor
788 2753 823 2811 ai
838 2759 866 2812 et
881 2759 975 2812 eutero

470 2846 503 2904 ta
518 2847 594 2904 boca
609 2846 652 2904 ets
669 2845 759 2904 huets
775 2845 805 2904 el
819 2864 873 2904 cor
887 2845 916 2904 el
931 2847 1016 2904 sen'.

256 3016 348 3100 Quin
368 3020 413 3086 ob
433 3021 469 3087 id
492 3020 613 3106 ipsum
634 3020 838 3086 Bernardus
859 3019 1066 3104 praeclarus
1092 3026 1195 3106 poeta
1219 3021 1337 3089 etiam

209 3154 310 3202 nuno
325 3136 489 3202 habetur.
508 3135 633 3202 Nonne
654 3140 775 3202 autem
796 3135 993 3202 verisimile
1008 3141 1062 3202 est
1080 3136 1169 3203 alios
1189 3142 1337 3206 veteres

208 3257 333 3336 poetas
349 3252 529 3318 exstitisse
549 3251 645 3335 apud
660 3251 903 3317 Provinciates
918 3250 980 3334 qui
1000 3251 1095 3320 idem
1111 3269 1153 3319 ae
1168 3251 1228 3319 ille
1244 3271 1337 3320 sen-

207 3366 316 3434 tirent
332 3365 350 3432 ‘i

253 3482 303 3549 Ne
330 3482 447 3566 plura,
477 3481 704 3561 Guiilelmus,
735 3501 944 3568 quanquam
973 3483 1017 3548 de
1045 3482 1269 3566 quaestione,
1301 3485 1335 3551 si

208 3601 333 3683 Leqom
354 3596 487 3664 Amoris
503 3597 704 3664 doctrinam
723 3597 906 3683 respicias,
930 3597 1145 3683 gravissima
1165 3598 1334 3668 hocloco

242 3792 269 3848 1.
292 3807 306 3846 u
326 3793 452 3848 Nullum
469 3809 588 3847 carmen
600 3792 701 3861 magni
713 3791 802 3862 pretii
816 3808 878 3847 esse
893 3795 999 3862 potest,
1012 3790 1072 3846 nisi
1084 3790 1146 3846 imo
1159 3791 1196 3846 de
1209 3797 1334 3862 pectore

207 3881 311 3933 manat
328 3893 334 3944 ;
356 3877 474 3931 nulium
491 3880 590 3931 autem
607 3877 643 3930 de
665 3880 782 3946 pectore
805 3893 926 3931 manare
948 3879 1054 3946 potest,
1072 3874 1131 3930 nisi
1147 3875 1223 3930 fidus
1245 3893 1334 3932 amor

206 3960 318 4032 pectori
339 3960 441 4029 inest;
463 3977 563 4016 meum
586 3977 706 4016 carmen
728 3961 794 4015 ideo
814 3961 980 4030 perfectum
1003 3964 1057 4028 est,
1074 3960 1152 4030 quod
1173 3977 1215 4026 oa,
1236 3961 1331 4030 oculi,

207 4063 265 4112 eor,
286 4061 370 4100 mens
392 4045 501 4100 amoris
521 4044 628 4115 gaudio
648 4046 788 4100 fruuntur
810 4045 901 4114 idque
925 4045 1020 4098 solum
1041 4043 1126 4114 quasi
1147 4048 1295 4116 spectant.
1315 4060 1331 4099 u

208 4129 378 4197 (Cliontcrs
394 4147 432 4185 no
440 4132 495 4204 pot
509 4123 617 4202 quoire
633 4129 725 4193 color,
740 4146 770 4184 v.
786 4130 801 4184 1
818 4133 847 4184 et
862 4145 926 4198 sqq.
942 4127 989 4184 M.
1000 4128 1044 4184 W.
1063 4128 1085 4196 1,
1100 4127 1156 4196 33).
1287 4124 1293 4132 “
