2860 4952
670 799 804 858 CAPUT
837 802 864 856 11

210 924 360 988 Quouooo
375 941 411 980 ou
427 941 561 980 murums
575 943 606 981 m
628 940 643 977 u
662 923 791 998 Legibus
806 923 929 980 Amoris
946 940 961 976 o
983 941 1184 982 uxlsummuu
1209 969 1215 982 .

198 1022 421 1157 &Quatenus
449 1027 585 1078 vetorum
614 1022 777 1093 lyricorum
809 1024 906 1078 famae
939 1022 1087 1078 inservire
1118 1023 1221 1094 cupiat

263 1106 445 1163 Guillelmus
458 1149 1214 1164 ......................

208 1171 247 1260 2..
257 1205 411 1269 Quomodo
425 1209 542 1276 poetam
563 1204 734 1262 intormorit
750 1205 933 1262 Guillolmus
957 1248 1214 1262 ........

208 1303 255 1370 a).
277 1303 475 1360 Guillelmum
498 1303 531 1359 in
553 1309 639 1374 poeta
660 1303 850 1359 informando
874 1320 932 1358 non
957 1304 1052 1358 solum
1078 1303 1116 1359 do
1138 1303 1219 1374 poesi

261 1387 312 1443 sod
328 1387 419 1444 otiam
435 1388 472 1444 de
487 1387 572 1444 bonis
587 1387 719 1443 moribus
733 1391 763 1442 et
780 1387 924 1458 religiono
937 1404 1042 1443 curam
1065 1431 1214 1445 .....

209 1486 224 1540 b
225 1485 252 1553 ).
273 1485 357 1550 Qum
371 1484 411 1540 sit
426 1484 522 1556 poesis
537 1488 645 1541 natura
658 1484 823 1540 secundum
840 1484 1040 1541 Guillelmum
1065 1527 1214 1542 .....

208 1582 251 1651 c).
272 1583 453 1723 Qauloffiuente
469 1582 651 1640 Guillelmus
666 1583 850 1639 domatione
867 1587 897 1640 et
911 1583 1047 1640 versibus
1062 1586 1220 1654 praecepta

262 1671 290 1722 u·
330 1667 340 1722 i
363 1667 421 1723 erit
424 1710 1213 1724 .......................

208 1765 234 1821 3.
261 1765 327 1829 Qua
354 1766 523 1836 exponendi
550 1765 665 1822 ratione
689 1765 871 1822 Guillelmus
897 1764 962 1836 ipso
987 1765 1019 1821 in
1049 1781 1065 1818 u
1090 1763 1218 1838 Legibus

261 1849 383 1905 Amoris
400 1864 416 1902 o
437 1865 507 1906 usus
522 1848 562 1905 sit
565 1891 1212 1906 ...................

207 1972 438 2034 CONCLUSIO
455 2015 1211 2032 ......................

791 2484 865 2540 Vidi
878 2501 913 2540 oo
928 2484 1040 2556 perlegi

632 2567 769 2624 Lutetiae
783 2568 979 2636 Parisiorum,
996 2568 1029 2624 in
1043 2568 1185 2634 Sorbono,

667 2670 693 2708 u.
708 2653 737 2707 d.
754 2653 825 2708 Kal.
842 2653 913 2708 Feb.
928 2669 992 2709 xvu
1011 2668 1147 2708 uoccccu

1297 926 1339 982 50

1295 1107 1338 1162 52

1295 1205 1338 1261 56

1295 1387 1336 1443 56

1295 1485 1384 1540 63-

1295 1668 1335 1725 72

1293 1852 1333 1906 75

1294 1973 1330 2032 81

525 2739 549 2794 F
550 2737 691 2794 multatis
704 2736 874 2792 litterarum
891 2737 923 2792 in
939 2736 1145 2794 Universitato
1160 2735 1331 2792 parisiensi

844 2822 982 2877 Decanus

791 2919 828 2974 Α.
855 2917 1039 2976 CROISET.

329 3086 423 3158 Typis
439 3086 598 3142 mandetur

206 3183 390 3245 Academiae
403 3182 591 3240 Parioiensis
605 3183 728 3250 Hector,

384 3269 560 3344 mommo.

637 4212 893 4221 n-..——-———-·---

360 4283 367 4296 .
397 4285 402 4292 -
433 4282 438 4292 ·
469 4282 474 4290 ·
501 4265 581 4304 FUXI·
603 4263 828 4308 *·EXGUDEBAT
846 4264 872 4306 1..
894 4261 1022 4304 aunum.
