2860 4952
686 447 864 519 4542..

217 669 286 735 que
302 649 352 716 ilh
373 668 459 716 eran
480 649 505 715 li
525 649 608 734 plus
628 647 797 733 iiayman
813 647 846 714 el
862 647 946 732 plus
966 645 1061 712 liale
1082 663 1186 730 mays
1205 643 1301 710 celat
1321 661 1340 708 e

217 769 331 833 secret
351 783 420 850 que
436 765 526 831 lunh
545 768 662 850 temps
677 763 800 830 iosson
815 762 936 830 estat¹.
961 782 977 826 n

261 879 405 958 Deinde,
429 883 468 946 ut
488 879 589 958 solet,
613 879 749 946 diutius
770 879 807 944 in
827 879 895 944 bac
910 896 948 944 re
967 875 1241 953 commorando,
1262 874 1340 940 vim

217 994 509 1082 reprehensionis
522 993 700 1061 minorem
718 969 824 1060 lacit‘:

263 1109 345 1177 «Et
374 1110 518 1196 enayssi
550 1114 630 1195 trop
661 1109 836 1176 lauzavan
867 1108 941 1174 lors
973 1107 1211 1192 meteyssbes,
1246 1123 1343 1191 quar

216 1225 386 1293 abastava
400 1244 469 1311 que
482 1243 660 1311 aguesson
672 1225 732 1310 dig
747 1242 817 1309 quc
830 1223 880 1290 ilh
901 1241 988 1290 eran
1004 1222 1081 1289 dels
1093 1222 1138 1289 fis
1151 1240 1343 1309 aymanse

218 1341 295 1410 dels
315 1342 396 1409 lials
416 1341 551 1409 entrels
564 1346 685 1408 autres
701 1340 744 1406 fis
762 1358 914 1425 aymans
928 1338 985 1406 del
1002 1339 1118 1406 mon¹.
1139 1359 1155 1402 n

262 1457 434 1536 Proiecto,
465 1475 550 1525 cum
579 1455 795 1524 Guiilelmus
826 1439 1024 1540 lyricorum
1057 1453 1342 1522 ostentationem

216 1572 479 1658 reprehendere
493 1572 529 1639 in
543 1573 666 1639 animo
679 1572 838 1647 haberet,
853 1570 986 1638 rectius
999 1569 1087 1636 itam
1100 1571 1344 1655 vaniloquen-
1400 1649 1404 1661 Ι

215 1687 304 1755 liam
316 1687 567 1773 vituperasset,
583 1707 653 1773 qua
667 1688 732 1768 illi,
746 1687 1047 1773 quotiescumque
1057 1687 1101 1754 de
1111 1686 1341 1754 carminibus

216 1803 293 1870 suis
320 1802 532 1888 loquuntur,
562 1803 613 1870 uti
644 1803 772 1871 solent.
802 1802 928 1869 Nonne
954 1801 1054 1868 enim
1080 1801 1177 1870 istud
1205 1800 1341 1868 vitium

217 1918 446 1986 manifestius
459 1923 513 1986 est
528 1919 639 1986 simul
654 1926 689 1986 et
704 1917 882 1986 odiosius³
898 1916 917 1985 ‘l

262 2033 521 2102 Verumtamen
547 2035 607 2102 hic
631 2034 767 2119 aliquid
796 2052 905 2120 grave
930 2033 1072 2119 altingit
1091 2032 1339 2100 Molinarius:

217 2167 426 2234 quanquam
448 2149 545 2216 enim
566 2149 700 2216 leviore
715 2150 758 2217 de
778 2168 899 2228 causa,
918 2150 948 2216 si
968 2149 1047 2234 ejus
1067 2149 1177 2215 verba
1192 2153 1340 2215 tantum

216 2263 400 2350 respicias
417 2270 556 2332 veteres
569 2265 702 2349 lyricos
715 2283 862 2349 carpere
876 2265 1029 2342 videtur,
1047 2283 1085 2331 re
1098 2264 1196 2330 haud
1209 2264 1340 2330 imme-

216 2379 286 2446 rito
301 2381 368 2448 boc
382 2380 434 2447 eis
450 2380 537 2446 vitio
550 2380 620 2457 dat,
640 2379 818 2464 siquidem
834 2380 882 2458 bi,
899 2379 985 2446 dum
1003 2380 1086 2446 talia
1104 2379 1337 2465 profitentur,

216 2514 346 2580 parum
367 2495 461 2563 inter
476 2513 514 2562 se
529 2494 719 2561 dissimilia
739 2495 901 2562 carmina
921 2495 1075 2562 condere
1088 2495 1218 2562 solent.

260 2609 398 2677 Etenim
424 2610 503 2677 ideo
528 2627 634 2695 saepe
658 2609 818 2676 laedium
838 2610 993 2676 aderunt
1017 2609 1205 2676 Australes
1233 2609 1339 2695 lyrici

214 2725 310 2811 quod
330 2725 434 2792 istius
451 2725 548 2792 modi
569 2725 767 2792 sententias
788 2725 916 2791 iisdem
933 2725 1006 2792 lere
1026 2725 1147 2792 verbis
1166 2725 1245 2792 sine
1262 2725 1340 2793 ulla

216 2839 485 2907 intermissione
505 2839 708 2906 enuntiant.

262 2953 331 3022 Sed
351 2954 446 3040 quod
462 2954 677 3022 Guiilelmus
691 2939 795 3021 bonis
811 2954 974 3020 moribus
990 2972 1193 3040 repugnare
1208 2956 1340 3022 existi-

214 3075 301 3150 mat,
317 3070 353 3136 id
366 3070 470 3137 nobis
484 3069 695 3155 praesertim
712 3089 732 3135 a
753 3069 851 3154 poesi
865 3069 1059 3136 abhorrere
1073 3069 1228 3136 videtur.
1244 3069 1338 3137 Nam

213 3175 365 3252 minime
390 3185 566 3252 modestia
593 3185 630 3251 in
656 3202 698 3252 eo
724 3185 951 3252 desideratur
978 3184 1040 3269 qui
1067 3203 1106 3251 se
1132 3184 1277 3252 tidelem
1302 3186 1337 3252 in

213 3300 368 3366 amando
383 3318 526 3385 semper
539 3299 729 3385 profitetur
744 3321 753 3378 ;
775 3299 952 3384 judicium
967 3317 1052 3366 vero
1066 3300 1165 3367 deest
1179 3301 1336 3368 omnino

213 3413 245 3481 ei
262 3412 325 3498 qui
345 3413 471 3479 eadem
492 3412 635 3497 saepius
656 3413 805 3480 dictitat.
823 3413 960 3481 Minore
979 3413 1090 3500 igitur
1105 3414 1240 3500 ingenii
1260 3421 1337 3483 tar-

247 3606 273 3662 1.
295 3621 310 3660 o
326 3605 479 3662 Gloriosus
492 3610 536 3661 est
549 3605 642 3676 quise
655 3605 718 3677 ipse
729 3606 832 3661 laudat
841 3607 1003 3677 jactatque.
1017 3608 1050 3662 ln
1064 3609 1119 3663 boc
1129 3613 1230 3664 autem
1243 3609 1335 3666 multi

211 3689 302 3761 lyrici
325 3694 534 3761 peceaverunt,
558 3689 635 3759 quod
657 3690 689 3745 in
712 3690 896 3745 carminibus
915 3691 1056 3747 dicebant
1078 3709 1109 3746 se
1131 3692 1334 3758 fidelissimos,

211 3774 480 3839 constantissimos,
494 3773 665 3838 fidissimos,
682 3773 921 3844 lectissimosque
933 3792 996 3830 esse
1010 3775 1146 3832 omnium
1162 3778 1332 3833 amantium

211 3858 409 3930 quiunquam
426 3856 593 3912 luissent.»
614 3859 677 3924 (ΙΙΙ,
694 3875 722 3928 p.
740 3857 815 3923 126).

245 3969 273 4024 2.
294 3984 309 4022 n
330 3970 389 4024 Isto
409 3971 497 4038 pacto
516 3967 624 4038 seipsi
644 3968 736 4023 nimis
756 3968 943 4024 laudabant:
964 3985 1033 4023 nam
1058 3969 1132 4024 satis
1148 3971 1244 4026 luerat
1265 3971 1333 4027 illos

209 4054 322 4110 dixisse
336 4071 367 4109 se
384 4053 466 4109 inter
480 4058 591 4109 ceteros
608 4054 709 4108 fideles
726 4058 861 4109 amantes
877 4053 978 4109 fideles
996 4059 1025 4109 et
1040 4060 1211 4110 constantes
1226 4072 1300 4112 esse.
1317 4073 1331 4110 n

210 4139 275 4206 (ΙΙΙ,
291 4154 321 4208 p.
335 4137 410 4203 126).

245 4247 271 4304 3.
293 4246 339 4306 Cl.
356 4264 455 4320 supra,
473 4263 502 4320 p.
519 4247 563 4314 10,
578 4263 607 4301 n.
625 4247 651 4304 1.
