2860 4952
124 1705 206 1764 Quin
232 1704 325 1754 neon
349 1703 492 1753 nunrcos
519 1701 645 1752 ruerus
670 1702 715 1749 nn
739 1701 902 1750 uniones
926 1697 1137 1747 ruoreennns

229 1821 421 1870 rennuens
446 1821 451 1867 :
480 1821 523 1867 nn
548 1818 589 1867 no
615 1817 756 1866 rourrco
780 1816 917 1866 uerene
941 1813 1033 1874 Quoo

395 1938 410 1982 u
436 1914 563 1984 Trobur
588 1913 664 1984 Cius
687 1937 702 1981 n
729 1933 866 1982 orcrruu

118 2227 245 2298 Omnia
262 2231 335 2298 iere
356 2249 447 2316 quae
462 2230 704 2298 Provineieles
724 2229 767 2296 de
788 2228 915 2294 litteris
936 2227 1011 2294 suis
1032 2225 1189 2309 relique-

11 2327 14 2398 Ϊ
79 2351 160 2412 runt
184 2348 229 2413 ed
260 2347 392 2432 lyricos
418 2347 609 2432 pertinent,
640 2347 715 2412 sive
743 2351 930 2432 poetarum
960 2341 1188 2426 singulorum

11 2483 13 2556 3
80 2457 217 2545 ingenia
247 2464 437 2531 aestimare
467 2462 542 2530 sive
572 2463 614 2528 de
643 2467 718 2528 arte
745 2461 821 2547 ipsa
849 2460 985 2545 poetica
1014 2458 1190 2524 disserere

11 2563 13 2594 ³
80 2578 225 2646 tentant.
256 2579 358 2658 Narn,
386 2585 426 2646 ut
453 2598 562 2664 supra
588 2578 758 2656 diximus,
782 2595 865 2643 cunr
894 2575 1047 2660 lyricum
1076 2591 1189 2658 genus

11 2673 13 2746 ἕ
82 2693 234 2761 maxima
255 2713 338 2761 cunr
366 2695 471 2761 laude
496 2694 684 2772 coluerint,
708 2693 835 2759 ueteris
861 2709 945 2758 vero
971 2690 1188 2774 scriptorum

83 2811 270 2888 generibus
286 2811 501 2896 pierumque
517 2810 695 2876 inhabiles
711 2828 748 2875 se
766 2807 1007 2894 praebuerint,
1026 2805 1103 2872 fieri
1118 2824 1187 2870 non

11 2929 13 2968 r
82 2925 189 3002 potnit
210 2933 252 2992 ut
272 2927 314 2992 de
334 2927 391 2992 his
408 2931 502 2992 recte
518 2927 702 3010 disputare
723 2925 963 2990 instituerent.
988 2921 1125 2988 Etenim
1147 2922 1190 2987 de

83 3040 236 3119 quelibet
252 3049 327 3109 arte
341 3049 419 3109 turn
433 3043 580 3108 denium
595 3041 769 3126 disputari
785 3046 911 3125 potest,
928 3059 1011 3106 euni
1026 3057 1084 3104 ars
1099 3038 1186 3122 ipsu.

11 3163 13 3258 ξ
84 3155 200 3224 multis
217 3159 387 3244 operibus
401 3159 517 3235 editis,
534 3177 637 3224 suurn
656 3164 822 3222 naturarn
844 3155 946 3240 quasi
967 3155 1143 3239 patefecit.

123 3270 165 3338 At
189 3293 275 3340 cunr
298 3273 400 3359 lyrici
423 3279 545 3358 poetae
566 3291 671 3357 saepe
692 3273 727 3338 in
753 3272 841 3356 ipsis
864 3271 1098 3347 carminibus
1124 3271 1190 3336 etsi

11 3395 13 3456 ῗ
88 3381 177 3454 aliud
197 3391 361 3476 agebant,
385 3408 425 3456 eo
447 3395 567 3456 tarnen
583 3389 726 3455 adducti
748 3389 818 3454 sint
840 3394 878 3454 ut
898 3388 941 3453 de
962 3387 1059 3472 poesi
1075 3387 1190 3452 disse-

11 3513 13 3598 t
86 3510 207 3584 rorent,
241 3507 283 3572 de
318 3507 509 3591 praecipua
539 3505 817 3571 Prouincialium
854 3505 1056 3570 litterarum
1091 3508 1190 3588 parte

87 3620 209 3689 rectius
239 3623 445 3689 existimare
475 3641 683 3707 possumus.
718 3622 879 3686 Prinrunr
914 3620 1034 3706 igitur,
1068 3620 1189 3705 lyricis

11 3745 12 3794 ἶ
87 3728 166 3813 ipsis
185 3738 406 3822 iuvantibus,
424 3739 509 3822 quid
527 3738 563 3803 hi
584 3739 626 3803 de
647 3757 710 3805 sua
725 3743 800 3803 arte
821 3737 998 3803 senserint
1012 3755 1190 3820 qrraeren-

11 3863 12 3940 ξ
89 3844 243 3934 domest,
260 3874 331 3939 quo
344 3855 514 3921 certiores
528 3855 658 3920 tianius
670 3859 848 3938 quatenus
861 3859 983 3938 poetae
996 3851 1186 3936 viguerint,

11 4035 12 4046 χ
90 3977 194 4044 queve
209 3971 346 4037 ratione
367 3970 504 4056 poesirn
522 3970 588 4036 sibi
605 3971 641 4035 in
663 3970 784 4035 nninro
804 3970 987 4035 tinxerint.

11 4067 13 4076 ¹
128 4079 323 4154 Permultos
351 4087 448 4153 looos
473 4086 687 4162 ornittinrus,
715 4086 846 4170 quibus
872 4085 973 4170 lyriei
996 4086 1050 4151 vel
1078 4092 1190 4152 seruet

11 4181 12 4206 ³
91 4190 1189 4281 ipsosmexirnisleudibuscertetinreiierunt,veloarnrinibus
