2860 4952
477 1220 790 1337 Pflnmllllnl

124 1791 234 1866 Nihil
272 1782 459 1888 majorem
501 1793 705 1866 utilitatem
745 1793 901 1888 praebet
939 1794 987 1867 ad
1023 1801 1195 1868 veterum

73 1924 301 1991 nostrorum
336 1919 567 2014 scriptorum
602 1919 756 2013 ingenia
788 1927 889 1993 recte
920 1919 1195 2015 perspicienda,

73 2063 194 2137 quarn
217 2043 265 2115 iis
281 2043 439 2138 judiciis
459 2044 512 2116 uti
535 2066 632 2138 quae
652 2044 726 2138 ipsi
747 2044 793 2116 de
819 2044 979 2116 suismet
1003 2044 1194 2140 operibuS,

1 2163 2 2166 ’
71 2175 158 2240 tum
175 2189 265 2241 cum
283 2167 378 2241 baec
392 2168 616 2257 edebantur,
636 2167 822 2242 fecerunt.
841 2169 926 2241 Non
944 2169 1039 2263 quin
1061 2191 1196 2242 recen-

33 2383 38 2396 ·
72 2291 195 2365 tiores
217 2293 509 2382 existimatorem
531 2290 747 2365 doctrinam
780 2299 817 2364 et
845 2293 1004 2366 rationis
1031 2315 1194 2367 acumen

1 2443 3 2516 ς
73 2415 152 2488 illis
165 2416 596 2512 operibusadbibenteS,
607 2439 723 2512 quam
738 2425 858 2532 artem
873 2416 967 2490 baec
980 2418 1195 2512 significent

73 2543 235 2637 cujusve
256 2543 334 2616 sint
353 2543 466 2638 pretii
483 2541 658 2637 J'udicare
680 2543 850 2636 possint3
871 2543 937 2615 sed
957 2543 997 2614 id
1017 2549 1074 2615 est
1093 2542 1196 2638 peri-

1 2678 2 2756 ,
71 2666 208 2739 culum
241 2688 288 2739 ne
324 2667 554 2740 sententiam
587 2667 698 2760 quasi
732 2674 880 2738 curtam
914 2674 1064 2738 tantum
1095 2667 1195 2740 ferre

69 2791 238 2881 valeant,
254 2792 328 2864 nisi
345 2813 477 2864 eorum
494 2792 674 2886 opinione
688 2792 864 2863 nituntur
878 2791 955 2884 qui,
967 2790 1195 2864 certioribus

1 2899 2 2904 ¹
70 2916 233 2988 indiciis
248 2915 364 3004 ducti,
381 2937 469 2988 cum
486 2924 551 2988 aut
567 2915 613 2988 de
630 2916 848 3010 aequalium
863 2924 928 2988 aut
944 2916 990 2988 da
1007 2937 1076 2988 suo
1091 2917 1195 3010 ipso-

71 3062 164 3113 rum
184 3040 339 3133 ingenio
366 3041 641 3127 existimarent,
661 3041 954 3134 praeteritorum
976 3047 1194 3136 temporum

71 3166 233 3255 litterae,
263 3187 341 3238 non
372 3165 516 3260 majore
550 3166 706 3259 quidem
743 3165 863 3238 animi
897 3167 1098 3260 aequitate,
1127 3166 1194 3238 sed

27 3295 30 3300 '
71 3289 227 3364 facilius
241 3291 400 3363 scrutati
421 3298 523 3363 sunt.

123 3417 275 3490 Horum
321 3419 424 3489 enim
465 3416 703 3489 auctoritatis
749 3438 792 3489 eo
831 3415 953 3510 major
997 3416 1093 3490 ratio
1138 3423 1195 3489 est

74 3541 253 3615 habenda
281 3541 384 3635 quod
410 3549 584 3614 velerum
612 3541 844 3636 scriptorum
868 3541 1018 3614 animos
1046 3542 1195 3614 minora

3 3643 5 3718 s
73 3666 205 3740 labore
232 3666 485 3762 introspicere
515 3673 753 3761 potuerunt;
784 3666 881 3738 adde
902 3666 1004 3760 quod
1028 3666 1083 3738 illi
1109 3687 1195 3761 par-

76 3791 199 3865 multa
213 3813 340 3886 opera,
353 3813 451 3886 quae
465 3813 569 3864 nunc
582 3791 860 3879 desiderantur,
875 3799 964 3863 nota
977 3790 1195 3864 babuerunt

74 3912 218 4012 quibus
234 3939 303 3989 sua
315 3916 461 4012 judicia
475 3915 692 4011 probarent.
708 3899 846 3989 Caveat
861 3923 988 3988 autem
1004 3916 1194 4011 inprimis

4 4057 5 4062 ’
72 4064 123 4116 ne
149 4041 252 4115 banc
284 4063 366 4114 rem
393 4041 566 4137 neglegat
600 4042 633 4113 is
667 4040 733 4134 qui
763 4041 804 4112 in
830 4041 1018 4114 Australis
1050 4039 1194 4114 Galliae

5 4189 6 4200 ¹
73 4167 309 4263 scriptorum
348 4166 520 4241 studium
557 4164 782 4239 incumbere
816 4165 917 4240 velit.
954 4165 1064 4256 Nam,
1104 4187 1192 4240 cum
