2860 4952
551 455 729 526 ,59-

68 653 202 734 merit,
221 674 292 740 que
307 673 352 722 en
367 659 495 741 aquest
516 674 577 724 eas
593 674 663 742 yeu
683 674 816 742 puesea
837 659 963 724 eantar
983 654 1027 724 de
1046 653 1117 742 iiey
1138 673 1201 742 per

70 770 172 838 dire
194 777 354 857 retrayre
374 771 407 838 ta
427 789 517 857 gran
537 789 640 839 amor
660 771 780 858 qu'ieu
801 772 826 838 ti
846 777 938 858 port,
961 771 1008 839 ati
1027 789 1098 858 que
1118 771 1200 858 plus

70 886 138 954 teu
162 884 336 952 s'enotine
352 903 421 971 que
443 885 496 954 sia
518 904 578 952 ma
599 885 760 953 molbers
778 906 786 965 ;
808 903 829 953 o
845 903 910 972 per
924 891 1118 972 retrayree
1137 905 1201 972 per

69 999 253 1088 espandir
266 1018 326 1069 sos
341 1001 406 1068 bos
421 1020 522 1088 ayps,
539 1020 598 1068 sas
614 1001 713 1070 betas
729 1001 942 1069 manierase
958 1020 1017 1070 sas
1030 1003 1200 1070 honestas

69 1121 332 1204 eaptenensas,
351 1135 415 1203 per
429 1134 470 1184 ao
485 1135 555 1202 que
570 1117 676 1204 alqus
691 1122 813 1186 autres
829 1117 912 1203 ptus
933 1123 1001 1186 lost
1019 1117 1052 1186 la
1069 1116 1201 1186 vuetba

70 1217 193 1318 penre
206 1249 270 1318 per
283 1232 435 1312 mother,
451 1251 470 1300 e
484 1249 555 1320 que
567 1249 632 1318 per
644 1237 792 1317 aquesla
806 1232 967 1300 maniera
981 1232 1014 1300 la
1028 1251 1094 1301 sua
1106 1233 1200 1302 bona

71 1349 178 1415 tama
190 1347 378 1434 s’espauda
389 1353 491 1416 entre
503 1347 629 1434 aquels
640 1365 711 1434 que
722 1365 769 1416 no
780 1347 813 1414 la
824 1347 923 1416 sabo.
938 1347 974 1415 Si
988 1345 1198 1438 marida[da]

13 1467 16 1476 '
70 1483 128 1542 eS,
149 1482 263 1550 pueso
278 1464 494 1549 yssbamens
510 1469 635 1532 canter
649 1464 693 1532 de
715 1463 785 1550 tiey
802 1483 865 1550 per
880 1463 1013 1544 lauzar,
1033 1483 1096 1550 per
1111 1465 1201 1532 dire

71 1598 144 1666 per
164 1584 326 1665 retrayre
342 1597 400 1648 sas
416 1579 515 1646 betas
530 1584 767 1665 eapteuensas
783 1597 801 1647 e
821 1579 875 1648 las
890 1597 976 1648 suas
992 1581 1105 1649 bonas
1121 1599 1201 1648 rna-

72 1695 215 1774 meras,
232 1713 250 1762 e
266 1713 330 1780 per
343 1695 514 1782 espandir
528 1713 567 1762 sa
580 1694 673 1764 bona
687 1694 814 1762 tama⁴.
832 1715 848 1760 r

122 1811 237 1879 Nemo
253 1829 326 1878 non
346 1811 500 1878 fateatur
516 1811 717 1897 plurimum
733 1811 858 1879 abesse
875 1816 914 1878 ut
934 1811 1022 1879 haee
1038 1809 1147 1880 verba
1163 1809 1200 1882 in

70 1926 205 1995 omnia
227 1925 390 1994 carmina
405 1927 449 1993 ab
465 1926 695 1994 Australibus
710 1926 754 1994 de
776 1945 899 1994 amore
920 1925 1053 2014 scripta
1073 1927 1200 1996 cadere

74 2041 235 2128 possint.

123 2156 175 2223 Ex
202 2157 260 2224 his
286 2162 406 2225 tamen
431 2173 523 2244 quae
547 2159 590 2226 de
618 2157 789 2244 pastorali
816 2157 977 2226 carmine
1000 2153 1202 2246 (pastoratu)

74 2273 168 2340 dicit
195 2272 420 2352 MolinariuS,
448 2273 679 2360 suspicamur
703 2273 801 2342 hune
826 2291 898 2340 non
925 2272 1059 2360 lugisse
1084 2273 1201 2360 quatis

76 2388 202 2474 reipsa
218 2388 398 2476 Australis
412 2389 531 2474 poesis
543 2388 671 2456 luisset
686 2407 693 2456 :
712 2407 797 2456 nam
812 2389 908 2476 quod
923 2388 967 2456 de
980 2389 1048 2456 hoc
1063 2389 1201 2476 poetico

75 2521 215 2590 genere
229 2503 441 2589 praeseribit
455 2504 672 2590 vituperatio
685 2523 798 2590 aeque
810 2523 852 2574 aa
864 2509 1096 2592 praeceptum
1110 2505 1202 2573 exis-

76 2618 205 2687 timari
221 2624 338 2704 potest
356 2636 363 2685 :

125 2753 142 2797 u
171 2733 196 2800 E
221 2733 290 2801 deu
311 2753 349 2802 se
369 2735 454 2802 horn
476 2736 607 2822 gardan
627 2754 672 2803 en
699 2739 826 2822 aquest
850 2735 959 2804 dietat
984 2733 1197 2822 majormen,

79 2868 178 2936 quar
190 2867 236 2917 en
251 2855 377 2935 aquest
393 2869 431 2918 se
445 2869 531 2936 peoa
544 2852 631 2919 bom
645 2870 748 2936 mays
764 2869 893 2936 queen
911 2851 964 2918 los
980 2856 1112 2932 autres
1131 2869 1201 2938 que

1 2981 2 2985 ’
73 2966 167 3033 hom
185 2983 233 3033 no
253 2966 334 3051 diga
349 2966 419 3034 viis
435 2966 603 3052 parautas
623 2967 660 3033 ni
680 2966 770 3053 lajas
791 2967 828 3034 ni
849 2967 1051 3052 proeezisea
1071 2985 1115 3036 en
1133 2985 1199 3035 son

1 3163 2 3166 Ἴ
75 3081 194 3149 dietat
210 3100 229 3147 a
245 3081 338 3167 degn
353 3081 402 3149 vil
420 3082 478 3166 lag
495 3103 503 3161 ;
526 3101 617 3167 quar
637 3081 752 3149 trular
771 3099 809 3149 se
825 3087 885 3168 pot
901 3082 986 3150 hom
1003 3099 1061 3149 am
1080 3081 1200 3150 lemna

74 3216 95 3264 e
121 3196 177 3264 iar
198 3215 355 3283 esquern
375 3197 409 3264 la
430 3216 480 3264 un
503 3217 523 3264 a
547 3197 674 3265 l'autre
695 3216 751 3265 ses
776 3197 853 3266 dire
872 3216 891 3265 e
911 3215 968 3266 ses
989 3198 1042 3266 lar
1057 3197 1200 3268 vittate

1 3343 2 3352 Ι
75 3313 317 3380 dezonestat¹.
342 3333 358 3378 u

112 3505 141 3560 1.
163 3519 178 3558 u
198 3507 280 3562 Haec
300 3511 448 3563 causaest
467 3524 520 3562 cur
539 3506 671 3563 feminae
690 3507 856 3578 praedicari
879 3509 1016 3565 soleant:
1039 3507 1064 3564 si
1085 3507 1200 3566 femina

75 3589 166 3659 virgo
180 3591 229 3645 vel
244 3590 374 3663 innupta
393 3595 448 3658 est,
464 3595 529 3647 tum
550 3593 627 3647 bane
647 3591 768 3648 laudare
787 3608 905 3663 possum
926 3597 959 3648 ut
974 3597 1085 3664 quanto
1099 3609 1199 3650 amore

75 3673 193 3731 afficiar
210 3675 308 3732 dicam
326 3681 355 3732 et
369 3693 554 3747 expromam,
574 3693 631 3746 quo
646 3676 766 3732 facilius
781 3676 836 3732 illa
850 3693 883 3732 eo
898 3675 1057 3733 inducatur
1076 3681 1109 3733 nt
1126 3693 1199 3734 uxor·

76 3774 146 3813 mea
168 3757 220 3814 fiat
237 3775 244 3826 ;
264 3764 317 3814 aut
340 3760 404 3830 ejus
428 3759 519 3815 bonas
539 3759 677 3826 virtutes,
702 3759 916 3828 urbanitatem,
942 3761 1079 3816 honestos
1104 3776 1198 3817 mores

1 3851 2 3894 3
75 3842 246 3913 exprimere
260 3847 290 3899 et
302 3843 333 3898 in
349 3845 457 3914 vulgus
469 3843 574 3899 afferre
589 3861 788 3915 possemque
802 3843 945 3900 libentius
960 3844 1038 3900 alius
1052 3844 1099 3900 vir
1112 3843 1197 3901 illam

1 3980 2 3984 ,
75 3943 201 3982 uxorem
221 3927 312 3984 ducat
324 3932 354 3984 et
368 3933 402 3984 ut
419 3929 496 3984 bona
514 3929 578 3999 ejus
594 3930 675 3984 tama
689 3946 741 4000 per
756 3928 841 3984 illam
856 3927 938 3984 viam
954 3927 1096 3985 intereos
1111 3928 1198 3986 inno·

77 4015 173 4066 tescat
184 4011 292 4081 quibus
302 4012 404 4082 ignota
416 4013 466 4068 sit.
480 4012 534 4068 Sin
546 4017 645 4068 autem
661 4017 755 4084 nupta
766 4019 821 4075 est.
834 4015 911 4068 bane
924 4013 1015 4070 etiam
1027 4013 1198 4084 praedicare

1 4090 2 4146 3
77 4111 198 4166 possum
213 4100 248 4150 nt
263 4097 400 4151 honestos
415 4097 480 4166 ejus
495 4113 590 4152 mores
606 4101 636 4152 et
650 4097 851 4153 urbanitatem
865 4095 964 4152 dicam
981 4101 1010 4153 et
1025 4112 1196 4168 expromam

1 4175 2 4184 ’
78 4183 107 4235 et
122 4183 156 4234 ut
171 4179 235 4249 eius
250 4179 424 4236 bonafama
440 4181 588 4252 vulgetur.
607 4195 621 4234 u
642 4181 706 4248 (ΙΙΙ,
722 4197 751 4252 p.
768 4180 841 4248 124).

111 4290 137 4352 2.
159 4303 174 4344 u
195 4289 374 4354 Cavendum
390 4295 434 4347 est
453 4291 627 4369 praesertim
648 4291 680 4354 in
701 4293 789 4364 hujus
811 4291 927 4365 generis
946 4308 1033 4368 opere
1055 4293 1137 4360 (nam
1160 4291 1192 4358 ln
