2860 4952
694 323 875 414 -ol-

271 535 349 609 Non
362 539 526 628 igiturdc
538 539 668 610 litteris
680 542 788 611 modo
800 541 909 610 tradit
922 545 1112 628 praecepta
1123 537 1349 625 autjudioia,
1397 571 1398 574 ¹

226 655 289 724 sed
301 655 423 736 etiam,
438 655 505 724 etsi
520 655 564 724 do
579 655 709 724 litteris
727 657 815 744 ipsis
829 675 974 744 semper
986 657 1163 725 disserere
1176 655 1246 724 sibi
1263 671 1356 740 pro-

226 771 339 860 ponit,
357 771 555 842 sententias
575 772 643 842 lert
656 773 700 843 dc
713 774 822 844 rebus
838 775 883 842 ad
898 773 1091 842 hominum
1108 755 1218 841 ¹vitam
1232 769 1357 858 perti-

227 887 410 958 nautibus.

272 999 320 1070 lix
346 1001 524 1072 Molinarii
545 1004 633 1072 locis
653 1004 726 1092 jam
747 1005 913 1092 allegatis
932 1003 1035 1074 facile
1055 1003 1227 1089 conjicias
1249 1003 1359 1070 hunc

228 1117 421 1203 poesimex
434 1137 565 1205 magna
577 1123 677 1206 parto
687 1120 823 1207 gloriae
834 1120 895 1188 Dei
906 1126 940 1188 et
951 1120 1077 1188 Beatae
1088 1118 1220 1188 Mariae
1230 1115 1359 1186 addici

228 1232 344 1302 velle:
367 1233 499 1321 itaque,
517 1240 708 1322 postquam
726 1236 769 1304 de
785 1236 966 1314 laudibus,
985 1236 1015 1303 si
1031 1235 1244 1304 hominibus
1260 1235 1361 1301 den-

227 1353 298 1428 tur,
327 1349 519 1418 cumulum
539 1350 636 1419 demi
662 1351 788 1420 decere
813 1353 916 1432 dixit,
943 1351 1133 1438 profitetur
1157 1367 1360 1436 nunquam

227 1463 305 1532 fieri
319 1483 424 1552 posse
440 1470 477 1534 ut
490 1466 615 1536 laudes
631 1467 891 1537 immoderatae
904 1467 1170 1546 existimentur,
1188 1466 1218 1536 si
1234 1465 1360 1532 Deum

227 1578 423 1649 Mariamvc
438 1581 703 1668 praedicaveris
722 1602 730 1650 :

274 1715 290 1760 c
318 1693 412 1776 Quar
431 1697 545 1784 dagos
564 1698 683 1778 homa,
705 1719 721 1765 r
742 1699 803 1778 ait,
828 1717 844 1763 n
863 1717 910 1767 no
927 1703 988 1786 pot
1008 1697 1146 1766 cooirar
1165 1697 1205 1766 ni
1224 1712 1361 1784 possar

228 1809 266 1879 ni
281 1811 338 1880 dir
357 1817 475 1880 tantas
491 1813 634 1882 lauzors
654 1815 697 1882 de
712 1814 800 1882 Dieu
817 1814 854 1881 ni
870 1814 914 1882 de
933 1814 968 1882 la
984 1833 1050 1882 sua
1066 1831 1192 1900 mayre
1211 1831 1288 1900 que
1311 1827 1359 1878 no

228 1926 308 1996 sian
332 1927 402 1996 iort
422 1928 552 2014 petitas
571 1935 654 1998 cant
674 1948 694 1998 a
714 1929 806 1998 lore
831 1948 901 2016 que
921 1930 965 1998 de
989 1948 1092 2016 mays
1112 1929 1200 1996 hom
1224 1946 1277 1996 no
1304 1926 1359 1994 sia

227 2043 404 2130 tongum&
425 2063 441 2108 r

273 2158 325 2228 lta
343 2159 451 2227 etiam
474 2160 511 2228 in
534 2161 734 2248 praeceptis
754 2161 882 2228 dandis
903 2160 1030 2230 Beatac
1051 2159 1182 2228 Mariae
1202 2158 1357 2226 laudem

228 2279 344 2352 curat,
362 2276 460 2344 ulad
476 2276 564 2344 haec
579 2277 829 2344 confirmanda
845 2276 1047 2362 permultos
1064 2263 1192 2344 versus
1208 2275 1253 2342 de
1274 2275 1356 2360 ipsa

228 2387 339 2458 Maria
360 2396 421 2459 aut
436 2391 479 2459 de
499 2391 571 2460 Deo
590 2392 820 2460 condiderit¹.
927 2425 933 2442 ι

274 2503 1356 2594 Utrempauciscompleotamur,inapertoostGuillelmum
1426 2486 1427 2507 ¹

229 2621 462 2690 Molinarium
485 2640 558 2690 non
579 2622 699 2689 solum
720 2622 757 2690 in
781 2619 922 2708 lapibus
941 2619 1076 2688 Amoris
1095 2621 1210 2689 bonos
1231 2635 1358 2687 mores

230 2736 343 2804 simul
373 2741 407 2805 et
438 2737 577 2824 poesim
605 2743 779 2823 spectare,
809 2737 1009 2806 sedetiam
1038 2741 1153 2804 artem
1185 2732 1356 2821 religioni

230 2851 359 2938 subjici
376 2853 480 2922 velle.
499 2851 588 2920 Cum
604 2871 689 2920 vero
705 2853 792 2938 quid
810 2853 934 2921 dehoc
950 2852 1103 2920 consilio
1118 2851 1354 2920 sentiendum
1426 2872 1427 2891 ,

231 2968 276 3036 sit
301 2968 388 3036 satis
408 2985 582 3054 apparere
609 2967 873 3046 existimemus,
896 2967 1000 3036 liccat
1025 2965 1128 3034 nobis
1151 2966 1188 3034 id
1208 2969 1356 3034 tanturn

230 3085 359 3165 dicere,
383 3083 474 3152 nilril
494 3083 637 3152 obstare
657 3083 746 3170 quin
766 3083 885 3169 poesis
904 3101 942 3152 sc
961 3082 1040 3168 ipsa
1055 3085 1226 3152 contenta
1246 3080 1309 3150 sit.

230 3323 256 3380 si
271 3323 303 3380 in
318 3339 405 3395 opere
419 3322 471 3394 qui
486 3339 565 3380 error
580 3326 624 3378 est
637 3338 725 3394 quom
741 3339 795 3378 neo
810 3321 974 3378 secundum
990 3321 1087 3378 Deum
1109 3337 1164 3376 nec
1183 3319 1353 3392 secundum

231 3407 412 3464 catholicam
435 3407 524 3463 fldem
547 3408 722 3463 confirmare
744 3406 849 3477 possis,
872 3406 930 3462 ista
954 3405 1104 3462 sententia
1125 3403 1236 3460 vitiosa
1254 3409 1303 3460 est
1327 3405 1355 3457 et

232 3492 360 3563 indigna
374 3509 449 3562 quae
464 3491 605 3548 recitetur
625 3491 794 3561 litterisque
808 3491 967 3548 mandetur
983 3507 989 3546 ε
1011 3494 1114 3546 contra
1128 3505 1201 3560 opus
1215 3489 1355 3560 protinus

232 3581 276 3634 est
292 3575 537 3634 comburendum.
554 3590 570 3630 u
590 3576 654 3642 (ΙΙΙ,
670 3591 699 3646 p.
716 3574 790 3641 122).

268 3689 294 3745 1.
317 3703 331 3742 a
353 3687 500 3754 Quamvis
516 3703 641 3758 magnae
656 3685 759 3744 laudes
774 3686 811 3742 de
823 3686 885 3742 Deo
900 3689 929 3742 et
944 3685 1008 3755 ejus
1023 3689 1119 3741 matre
1133 3683 1236 3741 animo
1251 3682 1354 3741 conci·

233 3773 367 3845 piantur,
387 3771 564 3843 cogitentur,
581 3770 730 3836 dicantur,
748 3771 803 3826 hae
818 3775 918 3826 tamen
934 3785 1051 3840 semper
1065 3769 1129 3825 illis
1148 3768 1277 3833 (scilicet
1291 3769 1354 3826 neo

234 3862 264 3914 et
272 3857 400 3924 Mariae)
410 3855 532 3913 omnino
541 3859 611 3911 sunt
621 3855 751 3928 impares
760 3859 789 3910 et
799 3854 879 3910 inira
886 3851 1002 3910 debitas
1013 3852 1126 3909 laudes.
1136 3867 1151 3906 rr
1165 3853 1229 3921 (lll,
1238 3868 1268 3924 p.
1277 3851 1351 3917 126).

267 3967 294 4026 2.
315 3968 353 4024 V.
368 3968 391 4037 1,
404 3966 449 4036 30,
465 3966 510 4036 32,
525 3965 570 4036 40,
584 3965 629 4034 tt,
644 3965 690 4036 52,
701 3966 746 4034 54,
760 3964 822 4034 106,
834 3964 971 4033 108,112,
983 3963 1120 4032 114,116,
1132 3961 1195 4031 118,
1211 3962 1277 4032 124,
1294 3965 1350 4018 eto.
