2860 4952
662 391 837 464 ...10-

194 589 270 659 suis
294 591 597 678 exspectationem
622 594 787 662 omnium
811 593 1033 662 commoveri
1058 591 1171 659 aiunt.
1199 590 1323 666 Nam,

193 727 277 776 curn
306 708 378 776 illis
405 709 628 794 temporibus
658 728 730 776 non
757 710 882 777 eodem
910 708 1017 776 modo
1042 725 1113 793 quo
1139 725 1238 774 nunc
1270 707 1328 773 de

193 824 403 893 hominibus
446 826 609 912 proprias
652 825 776 893 laudes
819 824 1109 911 praedicantibus
1151 821 1326 908 judicari

193 939 335 1020 soleret,
358 941 463 1007 multi
485 941 842 1026 magnificentissime
862 959 900 1008 66
919 941 1052 1027 jactare
1072 957 1145 1006 non
1161 937 1328 1006 dubita-

193 1061 335 1124 verunt.
358 1054 612 1144 Quaecumque
632 1057 700 1124 isto
720 1063 823 1143 pacto
843 1058 886 1124 de
902 1075 939 1123 66
959 1056 1129 1123 dixerunt
1149 1053 1242 1120 nibil
1263 1052 1326 1120 ad

194 1177 380 1256 poetarum
414 1173 600 1259 ingenium
631 1179 725 1242 recte
756 1173 1017 1240 dinoscendum
1052 1171 1184 1247 valent,
1218 1169 1325 1236 dum

193 1288 278 1355 huic
298 1289 348 1356 rei
369 1290 488 1358 solum
509 1290 715 1358 testimonio
735 1293 831 1368 sunt,
855 1289 945 1356 illud
967 1307 983 1352 11
1001 1305 1116 1373 genus
1131 1284 1325 1352 irritabile

193 1409 318 1472 vatum
337 1426 352 1469 11
367 1411 400 1472 61
416 1425 431 1468 u
449 1406 647 1492 gloriosum
668 1424 783 1492 genus
799 1427 814 1470 11
830 1405 963 1473 16611116
978 1403 1048 1470 dici
1063 1401 1201 1487 posse'.

238 1519 349 1606 Saepe
370 1521 515 1606 quidem
538 1521 577 1588 fit
598 1527 637 1588 ut
660 1522 762 1607 lyrici
783 1522 820 1588 in
843 1521 959 1606 prima
979 1518 1182 1586 carminum
1206 1521 1322 1602 parte

193 1635 346 1704 libenter
365 1655 422 1704 res
443 1639 486 1704 ad
507 1638 643 1704 litteras
668 1638 888 1723 pertinentes
913 1636 1087 1720 attingere
1111 1639 1145 1700 61
1165 1634 1209 1700 de
1231 1637 1321 1700 arte

193 1771 258 1819 sua
272 1753 447 1820 disserere
461 1753 496 1820 in
511 1753 632 1820 animo
648 1755 779 1820 babere
794 1754 983 1820 videantur
999 1770 1005 1818 :
1029 1750 1091 1817 sed
1104 1768 1189 1816 mox
1206 1749 1249 1815 ad
1265 1767 1319 1815 ea

193 1886 284 1953 quae
305 1869 448 1955 proprie
468 1877 552 1937 sunt
573 1870 714 1956 generis
731 1869 888 1954 suscepti
904 1867 1065 1934 converti
1086 1865 1235 1933 solent’.
1258 1864 1317 1932 De

193 2003 265 2050 una
295 1991 415 2052 tamen
445 1987 654 2072 quaestione
683 1985 908 2071 gravissima,
932 2001 1023 2068 qnae
1047 1982 1090 2049 ad
1120 1980 1315 2066 propriam

192 2098 370 2167 Australis
386 2102 504 2186 poesis
520 2108 687 2168 naturam
704 2101 840 2178 attinet,
859 2099 1062 2167 accuratius
1078 2116 1098 2163 a
1118 2095 1314 2163 nonnullis

192 2215 315 2300 lyricis
342 2217 581 2302 disceptatum
606 2223 671 2284 est.
699 2217 764 2284 Eos
789 2221 909 2282 autem
935 2215 1032 2281 locos
1057 2211 1312 2297 significamus

193 2331 324 2415 quibus
351 2339 473 2417 poetae
494 2334 536 2400 de
557 2339 631 2400 arte
652 2333 841 2400 obscurius
867 2329 1046 2398 scribendi
1075 2326 1311 2416 (Provinciali

192 2464 359 2514 sermone
374 2444 708 2533 116061616611661111
723 2453 807 2514 sunt
823 2469 830 2527 ;
850 2465 939 2531 quae
954 2464 1010 2511 res
1025 2443 1183 2530 protecto
1197 2443 1310 2528 digna

193 2562 334 2630 videtur
354 2581 445 2648 qnae
469 2581 533 2630 nos
554 2564 720 2640 detineat,
743 2582 826 2629 curn
848 2581 911 2648 per
931 2580 968 2628 se
989 2561 1066 2646 ipsa
1089 2558 1239 2624 maximi
1260 2557 1310 2626 sit

226 2820 252 2874 1.
270 2820 506 2878 Innumerabilia
521 2822 658 2890 exempla
672 2836 739 2874 cum
751 2818 855 2874 afferre
869 2817 1026 2888 possimus,
1038 2815 1069 2870 id
1082 2819 1183 2870 tamen
1199 2830 1310 2884 parum

190 2904 266 2959 utile
279 2905 364 2961 nobis
374 2906 503 2960 videtur.
516 2907 554 2960 V.
567 2922 595 2959 v.
608 2923 635 2974 g.
648 2905 793 2974 quomodo
806 2903 842 2956 de
853 2919 883 2956 66
898 2901 989 2956 1661111
1003 2901 1064 2955 sint
1076 2902 1182 2955 Petrus
1193 2897 1311 2953 Vitalis

191 2989 338 3060 (Ajostor
359 3008 373 3045 e
395 2990 497 3044 166661·
511 3008 540 3044 v.
557 2990 616 3044 1-5.
632 2989 677 3043 M.
698 2989 734 3044 G.
750 2987 794 3043 22.
812 3004 847 3042 ex
863 2987 926 3041 cod.
944 2985 989 3051 C),
1006 2984 1176 3040 Bernardus
1191 2983 1312 3038 Venta-

191 3072 345 3128 dornensis
358 3074 444 3140 (Non
459 3092 488 3128 os
503 3073 673 3128 6166666106
683 3071 756 3126 s’icu
770 3089 827 3126 666
837 3089 866 3125 v.
879 3071 934 3125 1-4.
947 3069 984 3123 P.
1001 3069 1050 3131 0.,
1063 3085 1091 3138 p.
1108 3065 1311 3133 3106161666

191 3158 394 3213 Borneliensis
411 3159 508 3226 (Nom
525 3159 610 3232 plata
625 3157 734 3212 6116616
750 3155 784 3210 616
803 3154 954 3210 6666161161
969 3171 998 3208 v.
1015 3153 1059 3207 30.
1076 3152 1120 3206 Μ.
1140 3151 1176 3207 G.
1198 3149 1251 3206 860
1269 3167 1311 3205 ex

191 3243 254 3298 cod.
273 3243 318 3309 C),
336 3243 523 3298 Raimundus
543 3243 579 3297 de
600 3243 762 3298 Miravalle
785 3241 845 3307 (Dc
861 3240 964 3295 trobur
979 3236 1011 3292 αι’
1025 3239 1067 3292 161
1085 3237 1182 3300 sober,
1199 3252 1228 3290 v.
1245 3235 1259 3290 1
1277 3239 1311 3290 61

191 3346 213 3384 6.
229 3345 257 3398 q.
273 3328 319 3382 M.
339 3328 373 3384 G.
392 3328 453 3383 933.
471 3344 506 3382 ex
522 3328 585 3382 cod.
600 3329 649 3392 V),
668 3325 854 3381 Raimundus
871 3323 1050 3380 Gaucelmus
1066 3318 1245 3376 Biterrensis
1262 3317 1309 3385 (A

185 3430 282 3488 penos
299 3430 424 3468 6611666
444 3413 490 3466 loc
511 3407 934 3484 6116616616616616611.1-6.
952 3407 988 3461 l'.
1008 3406 1056 3472 0.,
1073 3423 1102 3475 p.
1119 3403 1192 3470 300),
1210 3403 1310 3460 Gaus-

191 3499 291 3554 tredus
323 3498 468 3553 Rudellns
503 3497 669 3568 (Lnnqucn
698 3495 727 3549 lo
762 3497 852 3567 temps
885 3489 1045 3546 ronoocllm
1073 3507 1102 3544 v.
1131 3487 1227 3543 55-58.
1258 3488 1307 3544 ed.

191 3581 364 3654 8116161166,
380 3598 408 3652 p.
422 3581 468 3647 59)
484 3585 564 3636 616...

226 3695 252 3750 2.
278 3696 357 3750 Duos
381 3692 583 3756 611166166166,
609 3706 733 3760 qnorum
758 3690 834 3743 alter
860 3705 877 3742 6
902 3687 989 3741 Petro
1017 3685 1162 3748 Arverno,
1188 3683 1264 3738 alter
1288 3699 1309 3738 a

191 3781 338 3836 Monacho
352 3779 387 3833 de
398 3777 596 3833 Montalduno
609 3775 645 3830 ad
660 3773 801 3843 quosdam
816 3776 915 3842 poetas
930 3768 1113 3824 lacessendos
1125 3765 1308 3836 compositus

191 3870 245 3931 est,
264 3865 313 3919 1116
333 3862 571 3918 laudavissemus
586 3859 645 3914 nisi
666 3858 697 3912 in
714 3857 837 3912 satiram
854 3855 1043 3909 inciderent:
1067 3869 1146 3906 nunc
1166 3853 1309 3922 pleraque

191 3951 222 4004 in
237 3949 284 4003 his
299 3947 526 4004 immoderatius
537 3946 698 4000 dictasunt
712 3958 800 4011 quam
812 3945 845 3995 111
856 3939 970 3994 eosdem
984 3936 1192 3992 aestimatione
1203 3931 1309 4004 dignos

192 4035 363 4089 babeamus.
381 4031 463 4087 Petri
479 4029 673 4085 sirventesius
688 4045 705 4082 6
719 4026 823 4081 Car-olo
838 4021 970 4078 8661660
985 4021 1082 4075 editus
1095 4024 1139 4074 est
1154 4019 1185 4073 in
1201 4017 1309 4072 Claros-

192 4116 335 4174 tomutlu'o
349 4115 546 4182 Procourolc,
569 4131 596 4184 p.
613 4113 657 4180 79,
679 4109 820 4166 Monncbi
843 4105 1036 4162 sirventesius
1056 4104 1092 4160 ab
1108 4103 1144 4160 O.
1160 4101 1252 4158 Klein
1274 4101 1306 4166 in

194 4221 207 4262 u
225 4202 416 4276 Dicbtuuqen
431 4199 481 4255 dos
496 4198 632 4254 Moenclrs
649 4215 706 4252 666
719 4190 913 4249 1166166066
927 4205 953 4258 u,
969 4205 998 4262 p.
1012 4189 1056 4251 22,
