2860 4952
728 405 903 476 ...aa-

259 603 303 672 ab
319 603 563 673 existimatore
579 605 751 691 quodam*
769 605 1064 673 animadversum
1084 608 1149 684 est,
1168 604 1367 674 doctrinam

257 721 437 809 posterius
453 741 472 788 a
488 720 615 788 Bolaeo
628 721 856 807 explanatam
873 721 1107 789 adumbrasse
1120 721 1266 791 videtur
1282 741 1289 789 :

418 906 433 945 a
454 892 497 950 La
511 891 587 950 rime
600 895 644 948 est
658 909 716 948 une
731 893 847 948 esclave
861 895 891 948 et
906 907 943 947 ne
958 891 1021 948 doit
1036 892 1167 963 qu'obeir
1182 907 1197 946 u

302 1043 371 1113 Res
391 1049 512 1114 autem
533 1063 643 1132 quam
663 1044 722 1112 hic
741 1043 968 1112 Raimundus
987 1043 1113 1112 Vitalis
1135 1044 1278 1130 attingit
1299 1061 1368 1111 non

258 1162 302 1230 ad
322 1161 564 1231 Provinciales
584 1165 726 1230 tantum
747 1161 895 1241 litteras
919 1160 982 1229 sod
1001 1161 1046 1228 ad
1066 1178 1211 1229 omnem
1231 1160 1367 1247 poesim

257 1279 424 1366 pertinet.

302 1392 483 1474 Quosdam
503 1395 612 1462 ctiam
636 1399 759 1481 poetas
779 1396 821 1462 de
841 1393 1101 1480 compositione
1123 1393 1364 1479 reprehendit,

241 1498 345 1577 ¹dum
361 1511 483 1578 omnia
496 1511 590 1580 inter
610 1530 648 1580 se
667 1516 749 1596 apta
769 1515 803 1578 et
815 1528 978 1578 connexa
993 1527 1072 1576 esse
1087 1509 1165 1577 vult
1185 1510 1221 1576 in
1241 1509 1367 1577 carmi·

258 1625 365 1692 nibus
385 1631 419 1693 et
446 1626 483 1693 in
507 1627 677 1712 operibus
697 1644 840 1712 quoque
865 1626 909 1692 ad
933 1627 1156 1693 narrandum
1183 1626 1364 1693 conditis:
1416 1653 1418 1712 4

259 1760 368 1826 quam
388 1743 630 1810 constantiam
650 1741 688 1808 in
708 1741 895 1809 nonnullis
911 1741 1100 1820 desiderat,
1123 1743 1218 1808 recte
1238 1746 1365 1828 putans
1416 1757 1418 1818 t

257 1857 415 1924 multum
438 1876 453 1920 u
470 1857 601 1926 seriem
614 1858 894 1944 juncturamque
909 1855 1056 1941 poliere.
1075 1876 1090 1920 n

304 1991 319 2036 u
346 1971 412 2040 Per
435 1973 519 2059 aqui
540 1973 671 2042 mezcis
691 1974 759 2042 deu
784 1974 913 2060 gardan
935 1993 964 2050 n,
988 1973 1047 2051 ait,
1074 1991 1090 2035 u
1113 1972 1143 2039 si
1168 1973 1227 2039 vol
1247 1973 1365 2040 iarun

259 2108 274 2152 a
301 2094 425 2156 cantar
444 2107 465 2157 o
481 2109 531 2158 un
548 2108 706 2169 romans,
726 2109 769 2175 qe
784 2089 864 2174 diga
885 2107 1011 2156 rasons
1032 2107 1050 2156 e
1070 2089 1239 2174 parauias
1253 2089 1365 2156 conti-

259 2223 275 2268 (ι
302 2207 439 2274 nuadas
453 2225 472 2274 e
486 2207 651 2292 proprias
667 2211 700 2274 et
714 2205 912 2272 avinentz¹.
929 2224 945 2268 n

301 2321 463 2407 Namque
476 2322 701 2390 Bernardum
712 2320 1044 2388 Ventadornensem
1058 2321 1179 2406 ipsum
1191 2321 1365 2406 vituperat

257 2437 353 2522 quod
373 2438 410 2504 in
430 2439 587 2522 quodam
608 2437 768 2504 carmine
788 2436 936 2504 aiieotus
957 2455 1087 2522 parum
1107 2437 1200 2503 inter
1221 2455 1258 2504 se
1282 2454 1365 2504 oon-

256 2557 426 2639 gruentes
442 2553 676 2621 declaraverit
695 2571 701 2618 :

302 2687 317 2731 u
339 2668 434 2735 Aissi
447 2687 527 2735 com
541 2669 578 2735 Β.
595 2668 651 2736 dal
667 2667 869 2734 Ventedorn
882 2686 925 2752 qe
939 2686 984 2735 en
998 2667 1051 2734 las
1066 2667 1256 2753 primieras
1269 2673 1363 2753 qatre

257 2803 273 2846 u
299 2784 421 2851 coblas
435 2783 549 2868 d'aqel
563 2783 639 2850 sien
654 2783 845 2850 chantar...
862 2784 932 2850 ditz
946 2802 989 2868 qe
1003 2789 1080 2850 tant
1093 2802 1222 2851 amava
1236 2784 1265 2851 si
1279 2785 1364 2850 donz

256 2919 272 2963 a
299 2918 342 2986 qa
358 2917 500 2985 perron
520 2916 593 2965 non
613 2897 689 2966 s'en
704 2899 809 2984 podia
829 2899 941 2985 partir
961 2899 998 2965 ni
1019 2899 1094 2966 s’en
1110 2899 1302 2984 partina.»
1324 2898 1361 2964 Et

257 3035 273 3080 u
299 3034 343 3083 en
359 3015 393 3081 la
407 3015 532 3100 quinta
552 3015 654 3082 cohla
674 3015 707 3082 el
722 3014 792 3081 ditz
810 3033 817 3080 :
1417 3013 1418 3020 ’

436 3201 452 3241 ((
473 3183 500 3242 Α
519 3183 566 3242 los
582 3189 696 3242 amiras
711 3184 763 3242 sui
775 3183 914 3242 acinacis
930 3189 1086 3253 escaratz,

433 3297 489 3337 cor
500 3295 604 3337 unum
617 3283 684 3354 pot,
702 3277 745 3336 sis
760 3276 822 3348 ool,
839 3295 860 3334 a
874 3293 922 3334 sos
941 3293 996 3352 ops
1011 3276 1141 3334 tratre&
1159 3295 1175 3334 u

269 3545 271 3548 .
289 3495 315 3549 1.
336 3494 369 3548 F.
381 3493 565 3548 Guessardus
575 3491 607 3546 in
620 3508 635 3544 u
646 3489 853 3547 Gronrmuircs
865 3490 1068 3556 Prooencolcs
1081 3488 1117 3545 dc
1131 3491 1255 3564 Hupucs
1267 3486 1364 3544 Foidr'i

254 3582 282 3634 ct
297 3577 332 3632 de
346 3579 490 3648 Rapnron
503 3575 595 3632 Vidol
610 3575 645 3630 de
657 3573 831 3630 Besoudun.
847 3589 860 3626 a
879 3576 913 3629 ΙΙ·
927 3574 1029 3641 editio,
1045 3575 1277 3644 Paris-Francis,
1288 3572 1362 3630 1858.
1416 3627 1418 3634 ,

255 3694 287 3701 -
304 3679 369 3733 pag.
386 3661 464 3717 LiII.

288 3774 315 3829 2.
338 3789 352 3826 u
374 3772 433 3835 Qui
449 3787 567 3826 carmon
584 3788 695 3840 opusve
711 3771 896 3826 narrativum
914 3770 1364 3841 conde1·evu1t‚isopenamdat

254 3859 325 3914 hnic
340 3857 382 3913 rai
398 3859 432 3911 ut
446 3855 610 3910 sententias
626 3861 654 3910 et
669 3856 759 3910 verba
774 3856 853 3910 inter
868 3871 898 3909 se
913 3855 1104 3910 cohaerentia
1119 3855 1202 3911 dicat
1220 3861 1249 3912 et
1265 3857 1364 3912 idonea

254 3947 283 3998 et
297 3941 438 4012 jucunda.
457 3955 471 3993 u
493 3940 548 4014 Op.
566 3937 659 4002 laud„
675 3957 703 4010 p.
721 3938 764 3994 85.

290 4053 315 4108 3.
337 4068 351 4105 (r
372 4054 431 4108 Isto
457 4055 543 4122 pacto
572 4051 741 4106 Beonandus
765 4051 1021 4106 Ventadornensis
1050 4051 1081 4105 in
1109 4055 1234 4121 quatuor
1263 4049 1362 4122 primis

254 4155 269 4192 u
289 4137 433 4194 carminis
444 4135 558 4207 copulis
573 4136 615 4190 ait
630 4152 661 4189 so
676 4133 751 4189 odeo
762 4133 916 4190 denuncio
927 4133 1053 4208 diliperc
1067 4138 1098 4191 ut
1111 4136 1189 4191 lianc
1204 4135 1362 4208 relinquere

256 4239 270 4276 r<
293 4221 376 4278 nulio
393 4219 480 4276 niodo
492 4218 597 4296 possit,
615 4223 717 4276 contra
733 4219 811 4275 idem
826 4219 857 4275 in
874 4220 980 4292 quinta
993 4219 1136 4277 carminis
1152 4221 1277 4299 copula:
1297 4219 1361 4291 June
