2860 4952
579 401 756 472 ..53-

149 617 166 660 «
196 599 315 685 Longz
337 605 515 685 uzalgeso
536 602 679 686 requiei·
694 607 728 668 et
748 602 891 688 enayssl
913 599 966 668 los
986 601 1057 668 han
1080 605 1226 686 pauzatz

100 721 208 782 mant
223 713 318 781 urtlic
333 713 524 782 trobudor¹.
551 739 566 780 u

6 831 8 842 ’
146 831 312 916 Denique
327 832 363 898 ln
380 833 536 916 quadam
551 833 670 916 operis
685 838 795 918 parte,
812 833 848 898 in
863 852 933 918 qua
947 833 1121 918 majorem
1135 832 1226 900 dilli-

6 989 8 1016 t
98 944 278 1013 cultatem
306 947 407 1013 laicis
432 967 541 1031 quam
563 948 703 1014 clericis
723 967 875 1015 casuum
897 947 1071 1016 rationem
1094 948 1225 1016 habere

5 1077 7 1122 r
97 1061 302 1141 contendit,
326 1062 408 1129 illos
428 1063 595 1129 hortatur
616 1069 654 1130 ut
670 1069 808 1130 veteres
829 1063 960 1148 lyricos
981 1063 1121 1131 adeam
1142 1081 1225 1150 per-

5 1157 7 1270 }
98 1177 330 1261 spiciendam
352 1178 497 1262 legant:

5 1285 6 1310 ³
145 1312 163 1356 u
193 1294 430 1360 Acosselham
452 1295 506 1360 als
527 1295 614 1362 laicz
629 1301 663 1362 et
679 1295 722 1362 ad
739 1293 864 1380 aquels
884 1313 954 1380 que
970 1312 1017 1360 no
1036 1312 1102 1362 son
1116 1313 1224 1382 gayrc

4 1465 5 1482 2
95 1409 256 1476 enletrat
276 1410 339 1495 qui
361 1410 487 1476 volran
508 1411 622 1477 dictur
641 1430 685 1478 eu
707 1429 867 1488 romans,
891 1410 1001 1496 liqual
1023 1427 1069 1478 no
1086 1428 1223 1496 poyran

4 1517 7 1610 l
96 1525 155 1592 del
191 1531 241 1592 tot
268 1527 442 1593 entendre
472 1533 614 1593 nostras
644 1527 732 1612 leyS,
764 1545 834 1612 que
861 1525 1039 1594 volontier
1065 1526 1223 1596 vuelhau

3 1691 5 1730 ÷
95 1636 188 1725 lepir
201 1659 220 1706 o
232 1638 292 1728 sur
306 1638 393 1726 lepir
405 1638 453 1708 lm
468 1639 524 1707 bos
539 1639 729 1708 trotodors.
747 1641 785 1709 Et
799 1642 942 1727 enayssi
959 1660 1096 1728 poyran
1113 1642 1223 1710 harer

3 1757 5 1784 ³
95 1763 281 1823 eretener
297 1757 331 1823 lo
351 1758 422 1824 bon
440 1758 602 1843 lengatge
622 1777 641 1824 e
663 1758 694 1824 la
715 1758 793 1824 bela
815 1758 975 1824 maniera
991 1757 1034 1824 dc
1049 1757 1163 1824 diclar
1177 1775 1222 1826 en

95 1873 281 1938 romans¹.
308 1893 323 1935 u

142 1986 227 2064 Sed,
258 2007 470 2072 quanquam
498 1988 579 2056 illos
606 1989 808 2055 admiratur
834 1994 867 2055 et
888 1988 955 2056 sibi
981 1989 1015 2055 id
1037 1987 1221 2074 inprimis

98 2103 272 2188 proponit
290 2108 329 2169 ut
346 2103 497 2170 lectores
513 2110 615 2188 aplos
631 2104 675 2170 ad
692 2104 837 2170 illorum
854 2122 961 2188 opera
978 2109 1071 2170 recle
1085 2103 1222 2170 intelle-

5 2294 9 2303 ,
95 2219 217 2302 genda
239 2219 357 2296 iaciat,
386 2219 561 2286 nonnulla
589 2225 722 2296 tamen,
746 2218 957 2303 praesertim
978 2217 1160 2294 derebus,
1184 2216 1221 2286 iu

98 2334 158 2400 his
176 2335 442 2420 reprehendere
464 2353 536 2400 non
557 2335 709 2402 dubitat.

143 2449 299 2530 Etenim,
319 2469 403 2518 cum
419 2457 580 2517 veterum
600 2451 797 2536 lyricorum
813 2451 974 2516 carmina
991 2468 1119 2534 parum
1135 2466 1219 2515 cum

0 2627 1 2630 ,
96 2566 206 2632 bonis
232 2566 408 2641 moribus,
431 2566 690 2650 —dequibus
719 2565 875 2631 maxime
897 2565 1058 2632 laborare
1079 2563 1220 2630 videtur

97 2681 325 2758 Molinarius‚
345 2687 660 2766 -congruerent,
685 2681 743 2747 lrio
764 2680 799 2746 id
824 2698 896 2747 non
923 2681 1126 2766 vituperare
1146 2697 1219 2748 nou

96 2804 240 2883 poterat
259 2815 265 2863 :
289 2797 351 2864 sed
368 2797 495 2863 dehoc
516 2797 659 2881 longius
675 2797 768 2862 inira
784 2797 958 2862 dicemus.

141 2913 309 2981 Ceterum
325 2913 394 2979 alia
409 2911 531 2998 lyricis
547 2911 713 2997 objurgat
727 2911 954 2978 Guillelmus.
971 2911 1105 2980 Horum
1120 2913 1216 2980 enim

96 3029 391 3102 ostentationem,
411 3029 499 3095 dum
521 3027 721 3113 permultos
737 3027 846 3103 locos,
866 3027 997 3111 quibus
1013 3046 1050 3094 se
1066 3027 1218 3096 fideliler

96 3163 261 3211 amorem
283 3163 429 3211 servare
450 3143 676 3228 profitentur,
695 3141 851 3228 respicit,
870 3142 997 3208 durius
1013 3144 1214 3229 vituperat:

142 3281 159 3323 «
187 3259 356 3328 lactansa
376 3278 414 3326 es
435 3264 548 3344 quant
569 3259 654 3324 nom
671 3277 708 3325 se
725 3258 887 3342 meteyslt
909 3258 1010 3324 lauza
1030 3277 1047 3325 e
1068 3259 1170 3344 gaha.
1193 3259 1218 3328 E

97 3394 161 3462 per
174 3393 214 3442 so
225 3376 297 3442 han
310 3380 412 3460 pecat
424 3379 524 3440 mant
538 3373 707 3440 trobador
718 3392 809 3458 quar
819 3392 864 3439 en
876 3373 949 3440 lors
960 3373 1089 3442 dictatz
1100 3375 1217 3444 dizian

131 3598 158 3652 1.
181 3610 196 3648 u
217 3597 281 3652 Hoc
294 3595 456 3650 diuturnus
470 3611 539 3649 usus
550 3594 680 3664 postulat
693 3599 722 3648 et
732 3593 785 3648 illo
797 3593 882 3648 modo
896 3592 985 3648 multi
998 3597 1113 3649 veteres
1126 3595 1215 3665 lyrici

97 3681 170 3736 haec
185 3680 277 3735 verba
291 3682 522 3750 usurpaverunt.
540 3693 554 3730 u
574 3679 623 3744 (ll,
641 3693 669 3747 p.
686 3677 759 3742 402).

130 3791 158 3846 2.
181 3805 195 3842 u
218 3790 385 3845 Suademus
406 3789 492 3844 laicis
508 3793 536 3843 et
552 3788 589 3842 iis
608 3787 669 3858 qui,
687 3804 791 3858 parum
808 3787 918 3842 litteris
933 3787 1054 3855 eruditi,
1072 3790 1216 3846 Romanis

97 3879 199 3930 tamen
221 3874 331 3930 litteris
352 3873 493 3928 nonnihil
513 3873 655 3928 mandare
672 3874 785 3938 volent,
807 3888 872 3926 cum
895 3877 1008 3928 nostras
1029 3875 1106 3943 leges
1127 3877 1217 3946 plane

1 3955 2 3960 '
96 3957 271 4026 intellegere
287 3975 345 4012 non
362 3957 487 4028 possint,
508 3962 541 4012 ut
561 3957 651 4011 bonos
671 3957 799 4020 (scilicet
819 3959 943 4023 celeres)
961 3957 1070 4027 lyricos
1088 3959 1217 4017 libenter

97 4043 197 4112 legant
212 4049 264 4097 aut
279 4042 337 4097 sibi
351 4041 471 4096 recitari
485 4041 618 4110 J'ubeant.
634 4040 700 4102 Qua
716 4040 829 4094 ratione
843 4041 1034 4096 emendatum
1048 4059 1215 4101 sermonem

96 4132 125 4182 et
140 4127 287 4198 quomodo
302 4126 417 4196 aliquid
433 4127 568 4180 Ronlana
586 4125 688 4193 lingua
703 4129 781 4178 recte
797 4124 934 4195 componi
951 4126 1042 4196 possit
1057 4127 1174 4186 discent
1187 4137 1216 4188 et

98 4210 242 4268 memoria
258 4211 442 4268 retinebunt.
460 4225 474 4263 u
495 4210 544 4278 (ll,
560 4225 589 4280 p.
606 4209 679 4274 154).
