2860 4952
527 421 706 490 ..Ἡ-

109 637 124 680 u
149 617 297 703 Maldigz
324 618 499 704 especials
524 637 562 686 es
588 623 670 686 cant
697 619 784 684 hom
811 637 855 686 en
883 619 1061 686 sirventes
1085 636 1106 684 o
1130 637 1175 684 en

66 738 161 800 autre
176 734 283 800 dictat
305 733 375 800 ditz
391 734 464 799 mal
480 733 650 824 d'alquna
670 739 765 802 certa
783 752 936 820 persona
955 756 962 812 ;
985 751 1076 818 quar
1089 733 1174 800 hom

66 867 106 914 en
125 867 182 915 sos
202 849 331 914 dictatz
353 867 398 915 no
419 849 487 915 deu
508 849 717 934 especificar
736 849 849 917 lunha
871 867 1024 934 persona
1047 849 1083 915 ni
1106 848 1176 914 deu

66 963 116 1028 (111
131 965 296 1048 paraulas
310 965 378 1030 tals
393 983 456 1048 per
469 963 590 1048 qu'om
607 971 701 1032 66116
717 983 869 1050 persona
883 963 1037 1031 entenda
1050 982 1117 1030 can
1130 982 1175 1030 en

67 1096 126 1144 son
142 1079 249 1146 dictat
266 1099 378 1164 panza
399 1079 511 1164 alqun
531 1080 678 1165 maldig.
701 1080 753 1146 No
773 1080 888 1147 dinem
908 1097 970 1166 ges
990 1078 1110 1165 qu'om
1128 1096 1175 1145 no

68 1212 192 1277 pnesca
225 1201 385 1279 retrayre
416 1195 527 1279 alqun
555 1195 691 1280 maldig
716 1193 906 1280 d’alqunas
931 1212 1103 1281 personas
1129 1212 1174 1260 en

67 1311 214 1393 general,
243 1347 287 1357 -
316 1329 394 1376 mas
415 1328 484 1394 que
504 1315 601 1376 certa
622 1328 775 1396 persona
797 1329 843 1378 no
863 1311 914 1376 sia
936 1309 1116 1376 nomnada
1138 1309 1174 1374 ni

67 1423 262 1510 dezignada,
281 1462 324 1471 —
343 1443 445 1492 coma
460 1426 503 1491 (16
518 1443 700 1510 renoyers
719 1425 762 1492 (16
779 1425 1008 1504 mercadiers,
1027 1425 1069 1490 de
1090 1424 1175 1490 bor-

68 1534 262 1624 guezes,‘de
283 1547 431 1620 comtes,
455 1541 498 1607 (16
520 1545 732 1618 1666616166,
751 1540 794 1606 (16
815 1558 908 1624 reys,
927 1539 970 1605 de
992 1539 1171 1624 princeps

68 1655 105 1720 de
127 1655 253 1740 jutges,
284 1656 476 1734 devocata,
504 1661 538 1722 et
559 1655 702 1740 enaissy
723 1655 765 1721 de
787 1659 886 1739 trops
906 1659 1039 1721 autres.
1070 1653 1108 1720 Et
1129 1671 1173 1720 en

68 1777 182 1854 aquest
195 1790 254 1838 666
268 1772 381 1856 degus
396 1789 442 1837 no
456 1789 493 1837 se
506 1771 575 1837 deu
590 1770 662 1836 mal
678 1776 778 1836 tener
791 1770 820 1836 si
836 1771 920 1836 lrom
935 1788 1046 1854 pauza
1061 1769 1173 1854 alqun

68 1886 191 1970 maldig
209 1906 254 1952 en
271 1905 337 1952 son
353 1887 461 1952 dictat
477 1886 533 1952 del
551 1885 647 1952 111161
663 1886 734 1952 don
751 1885 855 1970 aquel
876 1903 926 1962 cs,
946 1903 1036 1969 quar
1056 1883 1171 1970 aytals

66 1999 208 2085 maldigz
230 2001 276 2065 ha
292 2001 378 2065 hom
395 2006 615 2068 acostumatz
629 2002 672 2067 (16
692 2001 768 2068 (1116
785 2019 847 2086 per
867 2000 996 2066 castier
1012 2018 1030 2066 6
1047 2017 1093 2066 no
1109 2017 1172 2084 per

66 2114 156 2180 eveia
170 2115 204 2180 ni
220 2133 283 2200 per
297 2115 469 2182 detractio
484 2116 520 2182 ni
535 2134 597 2201 per
609 2116 663 2182 lar
676 2117 711 2182 ni
726 2117 781 2181 dir
794 2115 933 2201 enjuria
948 2115 992 2180 ad
1006 2114 1142 2180 lrome¹.
1155 2135 1170 2178 n

103 2229 193 2296 Nihil
210 2231 378 2315 equidem
396 2231 528 2298 rectius
542 2231 611 2298 (1161
628 2233 742 2316 potuit
760 2250 766 2296 :
786 2231 869 2310 imo,
889 2231 918 2296 si
936 2236 1073 2298 veteres
1090 2229 1172 2296 Pro-

66 2344 225 2412 vinciales
247 2346 350 2430 lyrici
371 2345 433 2412 illo
454 2347 560 2414 modo
581 2347 649 2413 hoc
669 2365 783 2432 genus
801 2345 1062 2430 concepissent,
1087 2362 1172 2429 pro-

66 2458 146 2526 lecto
166 2462 298 2527 horum
319 2461 521 2528 sirventesii
544 2461 672 2547 majori
689 2461 915 2528 delectationi
938 2478 1035 2527 nunc
1051 2464 1172 2527 essent

66 2573 267 2660 legentibus.
291 2575 380 2642 Nam
397 2595 439 2642 ex
460 2595 501 2643 eo
522 2578 618 2661 quod
639 2577 798 2661 privatos
820 2575 1070 2643 vehementius
1090 2593 1172 2641 car-

66 2707 138 2771 pere
154 2692 281 2770 solent,
298 2709 370 2757 non
385 2691 504 2757 solnm
516 2691 555 2757 sit
568 2698 605 2758 ut
618 2692 820 2759 sirventesii
834 2691 1053 2758 difficiliores
1068 2690 1171 2758 nobis

67 2804 128 2872 sint
147 2807 190 2873 ad
216 2807 513 2891 intellegendum,
544 2807 607 2873 sed
633 2807 742 2873 etiam
763 2812 801 2874 ut
828 2807 885 2872 his
912 2807 1027 2873 multo
1052 2805 1172 2872 minor

66 2917 140 2988 insit
154 2923 379 2990 auctoritas¹.

13 3157 15 3182 J
96 3103 119 3156 1.
139 3118 152 3155 ((
172 3103 331 3158 Privatum
354 3104 549 3160 maledictum
571 3108 615 3159 est
630 3103 761 3173 aliquem
782 3103 892 3170 sivein
915 3101 1092 3158 sirventesio
1107 3101 1171 3158 sive

13 3187 15 3220 l
67 3184 94 3239 in
106 3188 178 3242 alius
193 3188 309 3258 generis
325 3187 458 3242 carmine
474 3188 555 3258 carpi
571 3206 577 3255 ;
599 3205 669 3242 nam
685 3188 852 3243 cavendum
868 3193 912 3243 661
928 3205 964 3242 ne
980 3187 1045 3256 quis
1061 3186 1091 3241 in
1106 3204 1171 3242 car-

69 3271 188 3326 minibus
200 3289 378 3342 quemquam
392 3272 527 3341 designet
540 3288 614 3326 neve
628 3272 666 3326 iis
677 3273 775 3327 verbis
788 3276 889 3327 utatur
900 3288 974 3341 quae
987 3271 1024 3326 ad
1039 3270 1170 3340 aliquem

69 3355 205 3423 pertinere
217 3356 388 3422 videantur,
403 3357 647 3425 quotiescumque
662 3356 693 3410 in
706 3373 758 3410 suo
773 3355 906 3410 carmine
919 3355 1065 3410 maledice
1078 3355 1170 3424 loqui-

68 3443 116 3494 tur.
126 3441 191 3494 Non
206 3441 237 3496 id
248 3447 386 3496 vetamus
397 3441 541 3510 quaedam
559 3440 715 3494 hominum
732 3457 838 3510 genera
853 3440 996 3509 gregatim
1011 3439 1103 3509 carpi,
1120 3439 1171 3493 sed

69 3523 187 3593 aliquem
203 3525 383 3580 nominatim
400 3525 549 3593 designari
567 3542 573 3580 z
595 3524 638 3579 ita
658 3526 857 3590 1(16161616166,
879 3528 1066 3589 mercatores,
1083 3522 1171 3577 urba-

71 3622 123 3673 nae,
148 3609 280 3674 comites,
308 3609 511 3674 vicecomites,
541 3625 633 3677 reges,
661 3609 821 3678 principes,
851 3608 976 3677 judices,
1007 3606 1171 3662 causidicos

13 3679 15 3694 '
71 3694 222 3763 multosque
251 3693 325 3748 alios
355 3693 531 3762 (generatim
560 3693 640 3762 carpi
671 3693 781 3760 lieet);
812 3697 876 3746 tum
904 3691 1018 3746 nemini
1048 3692 1172 3746 moleste

13 3775 16 3820 ²,
71 3775 209 3832 terendum
226 3783 270 3832 est
285 3782 379 3832 artem
394 3793 476 3831 suam
494 3777 525 3830 iu
542 3775 675 3830 carmine
690 3777 783 3846 carpi,
800 3793 869 3830 nam
884 3775 1055 3844 hujusmodi
1072 3791 1171 3844 repre-

71 3858 196 3916 hensione
212 3861 370 3931 scriptores
385 3861 430 3915 uti
444 3862 539 3915 solent
554 3859 720 3929 castigandi
737 3860 880 3925 (scilieet:
894 3860 981 3924 vitia)
997 3875 1095 3926 causa,
1112 3875 1171 3913 non

72 3940 174 4000 invidia
197 3950 248 4000 aut
272 3945 459 4000 detrectandi
482 3944 591 4011 studio,
614 3961 668 3998 nec
692 3944 729 3998 ad
749 3960 928 4013 quemquam
949 3959 980 3997 re
999 3947 1050 3998 aut
1071 3941 1171 3998 verbis

13 4027 15 4110 t
72 4029 268 4084 contumeliose
284 4028 473 4083 laedendum.
492 4043 505 4080 o
527 4029 589 4094 (111,
607 4045 635 4093 p.
652 4028 703 4082 124
720 4033 748 4082 et
763 4027 836 4092 126).

13 4111 15 4216 J
98 4139 120 4193 2.
140 4141 220 4203 Quod
241 4141 278 4194 de
299 4140 412 4195 duobus
433 4139 619 4194 sirventesiis
635 4156 759 4208 quorum
782 4155 871 4208 supra
891 4137 1004 4191 mentio
1026 4138 1106 4192 lacta
1127 4141 1172 4192 est

71 4220 123 4292 jure
134 4224 252 4283 dixeris.
267 4223 345 4280 Nam
363 4223 502 4297 quamvis
515 4240 532 4278 a
547 4223 636 4282 Petro
648 4225 783 4282 Arverno
797 4227 826 4281 61
838 4239 856 4281 a
868 4222 1016 4281 Monacho
1031 4221 1068 4279 de
1082 4221 1171 4280 Mou-
