2860 4952
724 373 901 458 ..32-

256 584 425 652 narrandi
446 589 507 669 aut
527 585 709 670 iudicandi
730 606 839 655 causa
860 588 1027 656 similiter
1046 589 1139 656 dicta
1165 590 1370 675 deprehen·
1415 583 1417 688 ]

254 701 473 776 dereliceat,
501 721 543 768 ex
569 703 637 770 hoc
657 705 890 788 probabiliter
911 706 1149 790 paucissimos
1175 707 1370 791 scriptores
1415 693 1417 774 1

254 816 334 882 illas
352 817 442 884 ritas
458 819 706 902 composuisse
722 821 849 886 conlici
871 826 999 906 polest.
1415 791 1417 828 ἲ

298 931 555 1000 Verumtamen
576 931 774 1018 Lyricorum
794 933 888 1002 Vitoo
908 936 1058 1002 maximi
1079 941 1164 1004 sunt
1180 936 1368 1013 momenti,

254 1048 283 1116 si
304 1046 529 1114 Australium
550 1048 701 1133 lyricam
727 1051 865 1134 poesim
886 1052 1089 1118 describere
1109 1053 1211 1120 velis
1231 1053 1371 1120 Etenim
1415 1037 1417 1170 p

254 1164 414 1250 primum
434 1181 498 1248 per
518 1165 583 1231 llas
605 1184 695 1250 quae
716 1184 846 1250 genera
868 1166 972 1232 multi
994 1173 1117 1252 poetae
1137 1169 1371 1235 tractaverint
1415 1173 1417 1262 l

253 1279 422 1346 novimus
452 1297 458 1344 :
493 1280 589 1364 quod
620 1299 839 1366 magnopere
873 1282 991 1359 refert,
1025 1283 1108 1367 quia
1139 1289 1200 1351 aut
1233 1286 1367 1350 horum
1415 1277 1417 1370 l

253 1396 401 1462 nomina
415 1399 555 1461 lantum
573 1402 655 1463 nota
672 1397 859 1474 habemus
877 1401 938 1464 aut
955 1399 1174 1482 paucissima
1194 1419 1238 1466 ex
1254 1398 1371 1484 operi·
1415 1387 1417 1444 l

253 1511 321 1578 bus
335 1531 426 1596 quae
440 1511 491 1576 illi
506 1511 729 1596 scripserunt
743 1518 897 1579 exstant.
914 1513 961 1580 De
975 1515 1144 1581 omnibus
1160 1521 1281 1582 autem
1298 1515 1370 1581 lere
1416 1527 1417 1546 ³

254 1627 376 1712 lyricis
414 1627 451 1693 in
495 1623 576 1692 Vilis
613 1627 745 1694 dicitur
778 1629 910 1720 quihus
949 1630 1161 1714 praesertim
1200 1631 1370 1716 operibus
1415 1685 1417 1722 r

253 1743 386 1810 lauram
417 1742 602 1810 consecuti
632 1743 715 1810 sint.
752 1742 816 1810 Cui
847 1745 1054 1811 testimonio
1088 1763 1154 1812 nos
1188 1746 1370 1813 confidere

252 1859 364 1938 decet,
383 1877 468 1925 nam
489 1859 582 1926 vitae
597 1876 723 1925 eorum
741 1878 897 1944 quorum
913 1861 1035 1927 omnia
1051 1861 1123 1928 lere
1139 1879 1248 1947 opera
1263 1861 1369 1927 habe·
1414 1895 1417 1942 t

252 1994 334 2043 mus
348 1975 391 2042 de
406 1975 463 2043 his
480 1994 563 2043 vera
579 1974 713 2043 reterre
734 1976 881 2042 solent¹.
1416 1973 1417 1978 ’

779 2324 841 2366 u*

1392 2154 1417 2292 «

800 2275 820 2318 *
1414 2293 1417 2438 ¹

298 2579 366 2648 Sed
380 2580 422 2648 de
436 2577 635 2666 Lyricorum
652 2579 733 2648 Vitis
746 2581 783 2647 in
797 2582 924 2668 primis
938 2601 979 2650 eo
992 2582 1144 2651 oonsilio
1158 2583 1315 2651 dicimus
1329 2585 1365 2648 ut

252 2697 433 2784 quomodo
463 2697 505 2763 de
535 2697 648 2782 poetis
678 2697 715 2762 in
745 2697 801 2764 his
829 2698 1010 2783 judicetur
1038 2699 1283 2766 ostendamus.
1320 2697 1365 2763 De
1414 2667 1416 2806 1

252 2813 452 2880 multorum
473 2816 594 2878 autem
620 2812 817 2899 lyricorum
845 2813 989 2898 ingenio
1017 2820 1077 2881 aut
1102 2814 1197 2880 lama
1224 2814 1261 2879 16
1286 2807 1366 2880 Vitis
1413 2811 1416 2884 i

251 2927 491 2996 existimatur.
519 2927 692 3012 Equidem
717 2928 810 2994 inter
832 2929 921 2996 haec
948 2929 1080 3014 iudicia
1100 2929 1215 2996 multa
1235 2944 1364 3014 parum

286 3176 311 3232 1.
333 3177 378 3232 Ex
394 3175 466 3230 vitis
482 3181 634 3245 poetarum
651 3192 775 3246 quorum
790 3176 973 3232 mentionem
988 3177 1037 3232 hic
1050 3176 1177 3232 facimus
1193 3175 1364 3233 testimonia

250 3261 286 3316 de
301 3260 424 3331 poeticis
440 3261 595 3330 generibus
611 3278 685 3330 quae
704 3260 752 3315 1111
768 3264 973 3316 tractaverunt
988 3262 1107 3332 excerpi
1129 3266 1253 3331 possunt
1270 3279 1276 3329 ;
1298 3276 1361 3331 per-

251 3347 414 3400 multorum
429 3345 552 3399 nomina
566 3343 728 3410 6116111666,
738 3348 771 3398 61
783 3349 925 3414 quantam
936 3345 1100 3400 utilitatem
1107 3344 1195 3400 Vitae
1205 3345 1363 3415 praebeant

250 3430 286 3486 ad
306 3429 494 3484 Australium
516 3428 628 3498 poesim
650 3429 875 3483 describendam
897 3429 1090 3484 manifestum
1107 3430 1167 3484 flat.
1192 3429 1313 3484 Etenim
1329 3425 1362 3483 ad
1413 3433 1414 3442 ¹

252 3516 306 3568 hoc
323 3515 390 3583 plus
406 3513 506 3567 minus
521 3511 673 3583 pertinent
687 3512 769 3567 vitae
785 3512 984 3568 Cercamundi
1001 3511 1134 3586 (Bicera,
1151 3529 1179 3579 p.
1195 3513 1234 3581 9),
1250 3513 1362 3568 Marca-

249 3599 338 3654 bruni
355 3595 454 3666 (told,
467 3614 495 3667 p.
508 3597 547 3663 9),
565 3597 647 3652 Petri
663 3598 699 3652 de
714 3597 1008 3668 Β6661616661634),
1024 3598 1146 3653 Geraldi
1161 3597 1198 3654 (16
1214 3597 1362 3654 Saliniaco

251 3685 291 3754 (p.
309 3684 365 3749 35),
382 3682 517 3750 Ilugonis
533 3682 569 3735 de
589 3682 762 3736 Baecularia
778 3685 817 3752 (p.
834 3683 890 3748 43),
915 3683 1074 3750 Reginaldi
1089 3683 1125 3738 de
1141 3685 1236 3738 Ponte
1251 3685 1290 3754 (p.
1309 3684 1361 3748 46),

250 3767 377 3823 Guarini
397 3767 485 3822 Fusci
502 3769 541 3836 (p.
558 3766 614 3832 53),
632 3767 714 3822 Petri
731 3767 859 3821 Arverni
881 3771 921 3836 (p.
938 3767 994 3833 53),
1017 3768 1162 3837 Delphini
1178 3768 1308 3822 Arverni
1323 3771 1361 3838 (p.

249 3852 305 3920 54),
331 3850 413 3907 Ρ6111
439 3851 475 3906 (16
499 3851 641 3906 Mansaco
662 3853 701 3920 (p.
723 3851 779 3917 58),
805 3851 948 3906 Monachi
972 3851 1008 3905 de
1030 3852 1228 3906 Montalduno
1248 3853 1287 3922 (p.
1308 3852 1361 3917 61),

250 3937 333 3993 Petri
350 3935 521 3992 Cardlualis
537 3938 577 4005 (p.
594 3935 650 4002 62),
668 3935 790 3990 Geraldi
807 3937 873 3990 Ruti
890 3938 929 4004 (p.
947 3935 1002 4000 63),
1021 3935 1147 3991 Guarini
1164 3937 1200 3990 de
1217 3935 1361 4006 Apeherio

250 4023 289 4092 (p.
313 4021 370 4088 63),
400 4021 546 4076 Dominae
575 4020 786 4090 Langobardae
810 4021 850 4089 (p.
871 4020 927 4086 72),
956 4019 1038 4074 Pctri
1064 4020 1222 4075 Guillelmi
1247 4023 1287 4090 (p.
1308 4020 1360 4084 76),

249 4105 366 4161 Alberti
388 4122 405 4160 a
427 4104 586 4161 Coturnice
607 4103 742 4173 (Caillo)
763 4108 803 4174 (p.
824 4105 881 4170 76),
903 4103 1080 4159 Comitissae
1103 4105 1224 4160 Diensis
1246 4107 1287 4176 (p.
1308 4105 1359 4170 77),

250 4189 412 4247 Pistoletae
425 4192 465 4261 (p.
478 4189 534 4258 81),
552 4188 653 4260 Ogerii
669 4191 709 4260 (p.
724 4188 780 4257 88),
798 4187 956 4245 Guillelmi
969 4188 1093 4244 Macelli
1107 4193 1148 4260 (p.
1160 4189 1216 4259 88),
1230 4185 1360 4246 Folcheti
