2860 4952
576 335 753 418 „59-

32 549 38 559 '
150 541 256 612 ltlum
279 545 425 630 quidem
446 547 483 612 in
504 553 607 632 poeta
628 546 857 613 informando
877 565 1142 632 nonnunquam
1165 545 1222 615 in-

102 666 245 727 certum
272 662 443 728 habuisse
470 662 644 746 quidnam
674 663 894 747 praeciperet
923 663 1150 730 confitemur.
1185 663 1223 731 ld

102 782 199 843 certe
215 777 389 842 affirmari
406 781 533 862 potest,
557 777 792 844 Guillelmum
808 778 942 863 optime
958 779 1001 846 de
1021 779 1224 847 Provincia-

59 898 62 908 “
102 891 195 984 lium
220 891 425 958 litterarum
445 892 668 959 amatoribus
691 893 863 960 meritum
883 912 973 973 esse,
996 912 1081 961 cum
1102 914 1219 973 nemo,

63 1054 66 1058 -
105 1007 177 1073 nisi
195 1005 268 1073 tile
294 1009 390 1091 Lepas
417 1007 632 1093 scripsisset,
663 1008 705 1074 de
732 1013 896 1076 veterum
926 1010 1123 1094 lyricorum
1148 1017 1223 1078 arte

39 1113 43 1124 ’
103 1122 211 1206 plane
232 1122 393 1206 judicare
408 1127 541 1208 posset.

148 1239 249 1304 Addo
262 1239 358 1323 quod
372 1239 409 1304 in
422 1235 563 1323 topicos
576 1239 778 1305 maximum
790 1243 823 1306 et
838 1240 1021 1306 sincerum
1035 1241 1073 1306 in
1087 1241 1222 1308 litteras

103 1353 268 1420 studium
294 1360 453 1438 apparet,
478 1355 525 1421 ita
547 1361 584 1420 ut
606 1355 743 1440 poesim
769 1355 1038 1440 religiosissime
1059 1357 1223 1423 venerari

103 1470 260 1554 scriptor
284 1470 460 1537 videatur.
484 1470 556 1538 Hoc
580 1471 653 1555 jam
679 1471 716 1536 in
736 1471 982 1538 cohortatione
1007 1472 1181 1556 juvenum
1203 1493 1223 1540 a

102 1586 300 1653 Guillelmo
313 1587 405 1652 iacta
419 1586 721 1652 animadvertitur
735 1604 741 1651 :
760 1586 821 1652 illa
835 1587 981 1670 quidem
997 1588 1104 1654 verba
1115 1588 1223 1673 digna

103 1707 191 1768 sunt
211 1721 304 1786 quae
319 1703 514 1769 laudentur
533 1720 539 1767 :

151 1835 167 1878 u
194 1815 352 1900 Aquesta
369 1834 459 1901 gaya
475 1816 615 1882 soiensa
631 1816 674 1882 de
689 1815 810 1882 trobar
824 1815 913 1881 lunh
935 1821 1052 1901 temps
1068 1835 1134 1882 nos
1150 1821 1222 1883 met

86 1926 1221 2017 'nispauzaencoratged’omedur,rude,avar‚enic,niials¹.n
1278 1945 1282 1954 ·

149 2047 276 2114 Nonne
301 2041 497 2132 quamdam
524 2047 637 2114 animi
661 2047 854 2113 elationem
884 2047 945 2112 illa
972 2047 1015 2113 de
1042 2049 1160 2132 poesis
1187 2049 1222 2115 vi

103 2164 270 2231 doctrina
290 2163 447 2230 declarat
467 2161 486 2230 ‘l

149 2277 241 2346 Cum
261 2278 318 2345 his
338 2283 544 2363 congruunt
570 2278 594 2343 ii
619 2278 688 2345 loci
713 2277 845 2362 quibus
870 2277 1024 2363 scriptor
1044 2281 1223 2348 sermonis

102 2395 322 2480 integritatis
338 2394 580 2480 patrocinium
601 2393 739 2478 arripit.
759 2392 817 2460 Sic
833 2399 994 2460 tenorem
1011 2397 1222 2480 aequalibus

0 2554 6 2573 .
54 2580 66 2604 ,
102 2511 182 2578 suis
217 2529 347 2596 parum
382 2515 509 2576 notum
541 2528 619 2576 esse
651 2509 815 2594 queritur
848 2515 882 2576 et
913 2511 1063 2577 clericos
1094 2511 1224 2578 acriter

102 2625 338 2712 reprehendit
359 2625 456 2710 quod
481 2625 588 2691 verba
617 2624 773 2709 pessime
798 2625 1032 2710 pronuntiare
1053 2625 1242 2692 soleant¹.¹

103 2742 238 2809 Eadem
259 2746 379 2809 mente
399 2747 433 2808 et
449 2741 625 2826 quaedam
649 2741 787 2807 cantica
808 2761 827 2807 a
848 2741 1035 2809 nonnullis
1056 2742 1223 2809 incallide

0 2830 7 2851 ’
103 2857 398 2942 caniqueritur².

151 2970 247 3052 Quae
269 2972 391 3038 omnia
414 2971 542 3038 saltem
563 2971 681 3056 poesis
702 2972 864 3038 ardentia
885 2973 1003 3039 studia
1025 2973 1220 3040 declarant.

103 3089 272 3155 Praetera
307 3089 403 3173 quod
436 3086 652 3152 Guillelmus
684 3087 844 3153 laborem
883 3088 1084 3172 plurimum
1119 3107 1223 3174 posse

104 3204 301 3282 existimat,
325 3203 360 3268 id
388 3202 477 3268 etei
505 3202 602 3268 laudi
630 3202 706 3267 dari
727 3203 841 3269 dehet.
872 3203 1078 3269 Extremam
1105 3205 1223 3288 operis

104 3324 247 3405 partem
272 3317 484 3403 praesertim
510 3317 568 3382 hic
594 3317 839 3402 respicimus&
864 3317 981 3385 Utitur
1005 3319 1100 3384 enim
1123 3321 1224 3388 brevi

104 3435 264 3520 quadam
294 3433 471 3501 sententia
497 3431 608 3517 (inops
637 3429 727 3498 duro
757 3439 839 3498 uicto
869 3452 933 3520 qne
963 3431 1155 3521 sofrorlto)⁵
1185 3441 1223 3503 ut

142 3683 168 3738 1.
191 3697 205 3734 u
226 3682 283 3737 Ars
296 3681 350 3736 illa
365 3680 475 3736 festiva
489 3679 679 3735 versificandi
696 3697 849 3749 nunquam
866 3681 995 3736 considit
1010 3698 1063 3737 nec
1078 3681 1224 3738 inanimo

9 3787 12 3801 ·
106 3767 239 3822 hominis
254 3765 333 3832 duri,
349 3765 465 3831 rustici,
482 3765 606 3831 tenacis,
623 3763 731 3833 iniqui,
753 3765 866 3818 versuti
889 3765 1035 3820 consistit.
1053 3781 1067 3818 n
1089 3766 1122 3833 (1,
1140 3783 1168 3837 p.
1185 3769 1222 3833 4).

141 3865 168 3919 2.
189 3865 227 3918 V.
245 3865 267 3930 Ι,
282 3879 311 3934 p.
327 3861 371 3918 68.

142 3963 168 4016 3.
189 3962 227 4016 v.
245 3962 268 4027 1,
282 3976 311 4030 p.
329 3959 380 4015 342
393 3963 422 4014 et
437 3959 499 4014 348.

141 4059 168 4114 4.
189 4059 227 4113 V.
245 4059 296 4125 ΙΙΙ,
313 4074 342 4129 p.
359 4056 472 4112 362—76.

141 4157 168 4212 5.
191 4171 205 4209 u
225 4155 391 4227 Turpitudo
404 4154 519 4210 diutius
534 4171 623 4224 quem
639 4153 722 4210 dolor
737 4155 834 4210 durat.
853 4169 867 4208 n

1066 4456 1365 4761 nromah
