2860 4952
545 367 722 443 47...

82 576 234 658 poneret,
263 573 331 639 hoc
360 571 475 638 elleclt
501 575 539 638 ut
567 572 655 638 baec
681 571 845 655 expedita
873 570 982 637 simul
1010 575 1043 636 et
1067 575 1190 637 exacta

81 689 235 755 oratione
256 689 368 764 daret,
388 687 635 754 translationis
653 688 750 754 velut
772 687 899 771 primis
925 687 1029 753 lineis
1050 692 1190 752 tantum
1305 727 1311 739 .

81 801 303 890 designatis?

124 917 302 998 Quantum
317 923 437 985 autem
450 918 666 984 Guillelmus
681 918 716 984 in
731 917 968 984 similitudine
979 917 1191 1002 explicanda

80 1034 273 1100 delectetur
300 1053 343 1100 ex
371 1053 413 1100 eo
441 1035 518 1100 loeo
544 1034 696 1118 judicari
727 1039 841 1119 potest
870 1052 941 1118 quo
967 1034 1118 1117 juvenes
1147 1033 1191 1101 ad

79 1150 212 1234 poesim
226 1151 415 1217 colendam
432 1150 671 1217 cohortatur¹.
691 1149 762 1216 Hoc
778 1149 873 1216 enim
893 1149 981 1224 loco,
999 1155 1190 1234 postquam

78 1271 189 1332 artem
203 1285 377 1334 versuum
398 1267 670 1332 condendorum
691 1285 776 1332 cum
797 1265 893 1332 lcnte
913 1265 1069 1350 ineptius
1089 1283 1191 1332 com-

79 1383 226 1466 paravit,
243 1383 365 1449 omnia
382 1382 510 1449 deinde
527 1401 618 1466 qliae
634 1383 677 1448 ad
693 1383 828 1468 poesim
845 1383 1024 1468 pertinent
1038 1401 1101 1468 per
1115 1401 1191 1449 ver-

77 1497 204 1563 borum
227 1497 483 1564 translationes
504 1515 587 1563 cum
609 1497 670 1562 illa
692 1503 933 1582 congruentes
953 1497 1133 1582 exprimit,
1157 1502 1190 1563 et

77 1613 179 1696 quasi
194 1612 425 1679 membratim
443 1612 719 1680 similitudinem
742 1613 936 1698 explanare
953 1618 1076 1680 tentat.

121 1727 213 1794 Nihil
234 1746 450 1812 veroquam
471 1728 622 1796 ridicula
643 1734 676 1794 et
697 1727 825 1794 vitiosa
846 1729 891 1795 sit
917 1729 983 1795 ista
1003 1729 1190 1814 scriptoris

76 1843 165 1910 ratio
178 1845 308 1910 melius
324 1844 512 1910 ostendere
528 1849 644 1928 potest
660 1862 770 1928 quam
784 1863 824 1910 ea
838 1863 921 1929 pars
937 1845 1055 1930 operis
1069 1845 1105 1912 in
1120 1865 1190 1930 qua

76 1959 120 2024 ad
149 1959 320 2026 orationis
349 1959 436 2026 vitia
467 1965 501 2026 et
530 1959 665 2044 figuras
695 1960 895 2026 ordinanda
924 1966 958 2026 el
987 1959 1190 2030 delinienda

76 2075 257 2141 translatis
281 2073 400 2142 verbis
423 2073 561 2140 utitur:
585 2073 675 2140 iorte
697 2075 740 2141 de
761 2075 838 2140 istis
855 2092 927 2140 uon
943 2076 1070 2143 durius
1092 2077 1190 2143 exis-

78 2188 298 2266 timabimus,
340 2189 370 2256 si
399 2189 488 2256 haec
520 2193 661 2255 tanturn
695 2189 924 2256 mnemonica
960 2191 1186 2258 habebimus

79 2302 145 2370 Sed
166 2323 239 2372 nou
262 2305 300 2370 iu
320 2305 388 2371 hoc
408 2323 474 2371 nos
495 2305 713 2371 commorari
740 2305 851 2382 dccet,
883 2323 966 2371 nam
999 2313 1189 2391 sequentes

78 2418 170 2486 tituli
206 2403 381 2505 quantam
417 2420 623 2487 futilitatem
649 2421 707 2487 bic
732 2420 886 2506 scriptor
915 2422 1079 2489 ostendat
1103 2423 1190 2490 satis

78 2533 258 2604 indicant:

118 2653 162 2717 lle
182 2648 231 2718 los
250 2653 350 2718 llllll
366 2647 464 2740 fillius
480 2670 543 2738 que
559 2649 790 2718 Barbaricum
810 2647 981 2719 baedam
999 2650 1129 2720 mollior
1144 2671 1190 2721 nc

78 2763 343 2852 Metuplusrnus’,

118 2883 162 2947 lle
182 2879 231 2948 lus
250 2884 337 2948 XXII
355 2879 452 2970 tillus
472 2900 535 2969 que
556 2879 770 2950 soloecismos
790 2880 852 2949 lure
872 2881 911 2950 dc
938 2902 974 2950 so
997 2882 1124 2953 mollier
1143 2903 1191 2953 nc

79 2995 221 3063 Scamn'.

120 3109 187 3180 Sed
201 3113 244 3180 de
260 3111 338 3180 istis
354 3113 541 3180 hactenus.

118 3226 143 3293 E
166 3247 276 3313 supra
297 3229 401 3296 dictis
421 3229 541 3314 colligi
562 3234 677 3314 potest
698 3229 993 3316 perspicuitatem
1013 3238 1047 3300 et
1069 3233 1189 3301 tenui-

79 3344 183 3410 tatem
204 3343 346 3411 dicendi
366 3345 402 3410 in
428 3342 569 3430 Lepidus
588 3343 722 3412 littoris
747 3347 957 3430 praesertim
979 3349 1187 3416 desiderari.

111 3643 135 3699 1.
155 3645 193 3701 V.
211 3646 235 3712 1,
251 3659 279 3715 p.
297 3645 323 3700 l.

111 3753 135 3810 2.
156 3771 171 3810 u
182 3758 228 3812 De
239 3757 477 3826 quattuordecim
489 3759 607 3814 filiabus
616 3777 688 3829 quas
699 3759 908 3815 Barbarismus
919 3775 955 3815 ex
966 3777 1057 3816 uxore
1067 3759 1190 3818 dorrrino

81 3835 277 3930 lldetoplnsmo
302 3841 417 3898 babuit.
435 3858 450 3895 u
475 3845 538 3909 (ΙΙΙ,
564 3861 593 3914 p.
619 3844 693 3910 140).
718 3875 749 3882 -
774 3845 874 3900 Verbo
897 3845 998 3915 inepte
1023 3847 1191 3904 consociata

82 3925 184 3994 lneptis
199 3925 299 3982 verbis
315 3944 373 3982 non
388 3927 517 3998 exprimi
534 3945 592 3984 non
612 3934 744 4000 possunt.

113 4032 137 4088 3.
157 4051 170 4089 u
186 4037 230 4092 De
241 4036 352 4106 viginti
366 4038 481 4094 duabus
492 4039 610 4096 filiabus
621 4058 693 4111 quas
708 4040 906 4096 Soloecismus
919 4058 955 4096 ex
967 4059 1058 4098 uxore
1068 4043 1192 4100 domina

82 4111 182 4187 Figura
196 4120 312 4178 babuit.
330 4137 345 4176 n
366 4123 430 4189 (Ill,
446 4140 475 4194 p.
492 4123 567 4190 148).
