2860 4952
572 1239 712 1332 eaeor
736 1263 765 1332 n

91 1690 275 1752 Quomodo
300 1692 343 1741 nn
367 1692 605 1743 ausculanus
631 1692 748 1742 ronrrs
772 1692 808 1742 m
838 1693 854 1739 u
875 1668 1073 1760 Lyricorum
1102 1666 1184 1740 Vitia
1204 1691 1221 1739 u

549 1809 781 1859 axrsrmsrun

147 2093 269 2161 Liceat
286 2094 390 2161 nobis
410 2093 483 2178 jam
498 2111 596 2162 nunc
612 2111 726 2179 pauca
741 2093 784 2160 de
797 2088 1009 2160 lustralium
1024 2087 1221 2177 Lyricorum

100 2206 195 2276 Vitis
214 2209 429 2276 Provinciali
457 2226 624 2277 sermone
644 2209 788 2295 scriptis
813 2209 1001 2276 disserere.
1026 2207 1115 2276 Nam
1140 2208 1218 2285 hae,

1 2389 2 2400 ,
92 2343 191 2392 oum
206 2326 419 2411 praesertim
431 2327 476 2392 ad
490 2325 728 2411 pristinorum
742 2330 928 2410 poetarum
944 2343 1062 2391 mores
1073 2343 1222 2409 cognos-

1 2425 2 2504 ἒ
93 2441 239 2509 cendos
254 2443 427 2521 valeant¹,
447 2448 569 2508 tamen
582 2448 615 2508 et
629 2442 673 2536 ad
686 2447 800 2508 artem
814 2441 1016 2508 litterarum
1030 2441 1222 2507 aestiman-

1 2552 3 2560 ’
94 2559 236 2624 darum
249 2557 440 2643 permultis
455 2557 542 2625 locis
557 2557 736 2642 pertinere
747 2557 927 2625 videntur.
941 2554 1112 2636 Quamvis
1123 2557 1224 2623 enim·

95 2671 299 2758 pleraeque
315 2673 410 2740 vitae
423 2672 580 2740 breviter
594 2678 627 2740 et
643 2673 763 2758 Jejune
781 2673 934 2758 scriptae
950 2673 1033 2749 sint,
1050 2691 1221 2758 persaepe

96 2805 172 2854 nos
192 2787 236 2854 de
265 2788 465 2873 lyricorum
486 2789 655 2875 operibus
680 2789 850 2856 certiores
870 2788 1017 2868 iaciunt,
1045 2789 1132 2856 dum
1159 2795 1221 2856 aut

96 2903 238 2988 quibus
277 2905 510 2989 potissimum
552 2904 745 2990 generibus
783 2910 906 2990 poetae
944 2923 983 2972 se
1019 2905 1221 2973 dediderint

95 3019 245 3097 docent,
269 3025 331 3087 aut
352 3021 395 3088 de
420 3021 553 3087 horum
580 3020 725 3106 ingenio
749 3021 1052 3088 existimationem
1072 3022 1217 3089 habent.

147 3131 216 3212 Qui
228 3134 363 3202 luerint
376 3135 429 3201 illi
441 3135 705 3203 existimatores
720 3153 792 3202 non
804 3137 890 3203 satis
901 3141 1041 3204 constat
1055 3154 1062 3202 :
1078 3141 1220 3205 tantum

1 3288 2 3295 κ
94 3248 201 3336 enim
234 3249 424 3336 Hugonem
456 3251 499 3318 de
532 3249 662 3318 Sancto
691 3249 816 3336 Cycico
845 3252 957 3319 vitam
987 3251 1146 3320 Savarici
1177 3255 1220 3321 de

2 3377 3 3418 2
95 3365 279 3434 Malleone
299 3372 333 3434 et
346 3367 437 3434 torte
458 3367 720 3435 nonnullorum
736 3368 891 3437 aliorum
904 3373 1093 3454 poetarum
1113 3370 1217 3451 vitas

39 3533 42 3542 .
95 3486 135 3548 et
164 3480 317 3548 Michael
346 3483 390 3549 de
416 3481 521 3549 Turri
545 3483 638 3551 Petri
665 3482 863 3552 Cardinalis
890 3484 1002 3552 vitam
1031 3485 1220 3572 scripsisse

95 3597 305 3665 novimus¹.
330 3596 399 3664 Sed
419 3615 504 3665 cum
525 3599 562 3665 in
585 3599 785 3666 multorum
807 3600 889 3667 vitis
912 3602 1090 3685 quaedam
1110 3603 1220 3670 verba

133 3794 162 3848 1.
185 3792 273 3856 Quod
295 3793 405 3848 rectius
421 3793 513 3849 etiam
533 3792 569 3848 de
589 3797 759 3862 poematum
781 3796 965 3864 argumentis
985 3799 1131 3862 (sermone
1147 3798 1220 3853 Pro-

94 3877 229 3934 vinciali
246 3878 431 3958 ruaosldioi
447 3881 553 3949 potest,
570 3895 726 3947 quaecum
743 3881 955 3936 nonnullorum
978 3886 1131 3953 poetarum
1146 3883 1220 3939 vitis

95 3962 187 4019 nobis
200 3962 314 4017 tradita
327 3967 407 4017 sunt.
416 3993 448 4000 -
467 3961 606 4017 Viturum
617 3963 694 4017 locos
705 3979 741 4016 ex
752 3963 883 4019 editione
896 3964 1020 4021 Camilli
1035 3966 1220 4024 Chobunouu

2 4099 3 4132 ἦ
92 4047 351 4198 ἴῆθινεηωῖὲὲἒθὶε
361 4045 564 4122 Riopruplcics
575 4043 625 4102 des
639 4046 854 4103 Troubudours
864 4065 900 4113 cn
911 4051 1218 4126 luupucprocenculo,

126 4148 234 4188 nosue
323 4173 329 4187 .

131 4230 161 4286 2.
183 4230 228 4285 De
244 4231 299 4284 hoe
314 4246 344 4284 v.
362 4228 558 4292 cratonem,
576 4229 695 4304 Biopr„
710 4244 738 4302 p.
756 4230 814 4288 aet
828 4230 855 4289 4.
