2860 4952
714 343 890 423 „tp-

289 547 480 638 Reliquum
504 556 623 618 autem
645 569 803 629 carmen,
829 570 912 620 eum
937 552 980 618 de
1002 552 1127 618 eadem
1149 549 1371 637 quaestione

245 687 316 738 non
345 668 402 746 sit,
430 667 557 735 aiierrc
584 667 711 734 inutile
738 667 880 734 videtur
903 689 909 744 ;
939 667 1028 734 adde
1053 667 1149 752 quod
1176 669 1283 735 verba
1316 669 1372 734 ita

243 785 397 854 obseura
413 783 449 850 in
470 789 631 851 extrema
648 788 747 868 parte
768 789 864 862 sunt,
884 789 922 850 ut
942 784 1061 850 adhuc
1080 784 1136 851 vel
1157 785 1371 852 acutissimi

243 899 468 988 grammatici
485 918 524 966 ea
546 899 773 984 interpretari
789 918 862 966 non
879 899 1070 966 valuerint.

289 1015 423 1084 Saltem
440 1015 621 1100 quomode
637 1013 811 1082 Geraidus
827 1020 861 1080 et
876 1014 1096 1082 Rambaldus
1112 1015 1155 1082 de
1171 1034 1209 1082 re
1225 1033 1372 1101 propo-

243 1133 310 1202 sita
324 1131 484 1218 judicent
497 1131 621 1216 liquet.
637 1129 760 1216 Itaque
776 1131 986 1216 disceptatio
1002 1131 1063 1198 ilia
1078 1132 1186 1217 digna
1199 1136 1254 1198 est
1268 1149 1371 1216 quae

244 1253 476 1328 memoretur,
500 1249 596 1334 quod
619 1248 753 1316 indicat
775 1247 907 1333 lyricos
930 1253 1007 1314 turn
1028 1249 1212 1316 interdum
1233 1249 1371 1314 existi-

244 1365 391 1433 materis
401 1364 627 1450 efficioiungi
637 1365 780 1431 adortos
790 1382 879 1443 esse,
892 1369 929 1432 ut
947 1365 1159 1450 semetipsos
1171 1370 1371 1449 artemque

242 1499 345 1548 suam
363 1481 608 1549 aestimarent,
627 1477 755 1560 Quales
770 1498 854 1547 vero
869 1480 1133 1548 existimatores
1147 1499 1185 1547 se
1201 1481 1370 1566 praebu-

241 1597 336 1666 erint
349 1597 442 1664 inira
462 1595 637 1664 dicemus.

286 1711 354 1780 Sed
370 1730 443 1780 non
463 1712 500 1778 in
521 1712 582 1778 iilo
604 1716 744 1778 tantum
762 1712 928 1779 carmine
939 1713 981 1780 de
997 1713 1122 1780 eadem
1138 1731 1176 1779 re
1192 1713 1369 1797 disputa-

241 1833 317 1898 tum
351 1834 434 1896 est:
466 1827 539 1894 imo
572 1827 675 1913 lyrici
705 1827 798 1894 hanc
831 1828 868 1894 iu
899 1829 1084 1895 nonnuliis
1118 1828 1365 1906 carminibus,

240 1963 449 2030 quanquam
483 1945 571 2011 haec
602 1945 645 2012 de
680 1951 755 2012 arte
786 1945 924 2030 poetica
957 1945 1101 2030 proprie
1134 1963 1207 2012 non
1240 1950 1364 2022 erant,

239 2061 444 2130 accuratius
465 2061 679 2146 perscrutati
701 2066 798 2128 sunt.

239 2368 315 2424 tanti
333 2368 406 2425 iacis
417 2368 494 2439 quod
505 2367 643 2424 omnibus
659 2372 702 2422 est
714 2364 897 2423 commune?
911 2367 1001 2434 Nam,
1016 2367 1041 2422 si
1057 2384 1102 2422 res
1118 2367 1161 2422 ita
1175 2383 1207 2422 se
1221 2367 1364 2435 haberet,

237 2469 340 2509 omnes
356 2469 439 2524 pares
457 2457 563 2508 essent.
582 2467 596 2506 u

274 2564 309 2620 il.
328 2578 342 2616 u
358 2563 486 2620 Domine
501 2561 665 2625 Linhaure,
688 2562 766 2616 haud
782 2561 920 2631 equidem
936 2577 1021 2630 aegre
1035 2563 1096 2616 fero
1111 2577 1367 2632 unumquemque

238 2663 340 2702 versus
360 2645 485 2702 arbitrio
507 2661 558 2700 suo
578 2661 753 2714 componere
770 2661 776 2712 ;
797 2661 901 2698 verum
917 2643 948 2698 id
968 2649 1086 2699 tantum
1106 2644 1217 2714 judico,
1234 2661 1365 2700 carmen

239 2731 348 2788 leviter
360 2730 599 2802 simpliciterque
614 2729 767 2784 conditum
784 2728 878 2798 magis
893 2731 1009 2799 placere
1024 2733 1053 2784 et
1068 2728 1163 2799 pluris
1178 2729 1338 2784 aestimari
1356 2748 1364 2786 :

239 2815 300 2872 noli
317 2817 372 2871 hoe
387 2814 464 2870 mihi
480 2814 555 2869 vitio
568 2817 693 2869 vertere.
711 2828 725 2865 u

274 2926 324 2982 ΙΙΙ.
340 2941 355 2980 u
370 2925 507 2992 Geraide‚
522 2926 599 2992 nolo,
612 2941 678 2979 cum
693 2941 795 2980 versus
809 2923 868 2978 mei
884 2924 961 2979 tanti
977 2923 1091 2978 sudoris
1104 2923 1175 2991 siut,
1190 2923 1221 2978 id
1234 2927 1364 2982 tautum

238 3010 378 3082 consequi
393 3015 427 3066 ut
443 3011 555 3065 malum
572 3013 601 3064 et
621 3009 742 3075 bonum,
759 3025 851 3079 parva
866 3013 894 3063 et
912 3026 1020 3078 magna
1039 3013 1249 3078 exaequentur.
1266 3009 1365 3065 Nun-

237 3113 326 3168 quam
344 3113 390 3151 me
406 3095 491 3150 stulti
507 3094 683 3160 laudabunt,
696 3111 765 3148 nam
781 3093 832 3148 isti
846 3110 941 3164 neque
956 3097 1103 3148 noverunt
1116 3093 1188 3163 quid
1203 3093 1362 3163 pretiosis·
1426 3135 1427 3158 2

237 3180 347 3236 simum
364 3180 412 3234 vel
428 3179 575 3250 optimum
591 3177 641 3245 sit,
658 3195 753 3247 neque
768 3177 799 3232 id
815 3182 929 3233 curant.
947 3193 962 3230 e

274 3291 324 3347 iV.
351 3306 365 3344 e
390 3289 555 3354 Linlraurc,
588 3289 613 3345 si
642 3307 674 3344 eo
704 3289 827 3344 consilio
858 3289 890 3356 (i.
918 3307 942 3344 e.
969 3294 1002 3344 ut
1032 3306 1135 3344 versus
1160 3287 1361 3346 dilucidiores
1425 3329 1427 3362 ς

237 3376 358 3442 faciam)
375 3375 520 3446 pervigilo
542 3380 571 3432 et
585 3375 679 3431 etium
701 3375 777 3430 mihi
798 3375 829 3428 iu
850 3375 980 3430 laborem
1000 3375 1138 3441 vertitur,
1160 3391 1232 3430 uum
1250 3374 1361 3432 videor
1426 3369 1427 3376 '

238 3460 369 3516 laborem
393 3457 584 3515 formidare?
609 3458 669 3515 Cur·
692 3476 794 3514 versus
819 3459 931 3523 condis,
957 3459 982 3513 si
1009 3459 1066 3514 tibi
1090 3458 1230 3529 displicet
1250 3475 1360 3516 omnes

239 3545 291 3599 hos
329 3543 464 3614 protinus
500 3540 612 3598 scire?
647 3543 768 3598 Etenim
808 3543 903 3614 poesis
936 3544 1054 3598 nullum
1087 3543 1181 3598 alium
1221 3544 1358 3600 fructum
1425 3573 1427 3626 ss

236 3629 303 3684 fert.
324 3642 338 3681 u

271 3741 309 3794 V.
325 3753 339 3792 u
356 3738 494 3805 Geralde‚
506 3738 666 3794 dummodo
682 3738 713 3792 in
728 3755 760 3792 eo
771 3739 848 3809 quod
859 3738 1006 3809 optimum
1020 3742 1064 3793 est
1080 3739 1221 3805 laborem,
1233 3741 1262 3794 et
1274 3738 1354 3796 iilud

235 3825 354 3881 assidue
369 3824 467 3879 dicam
483 3828 512 3879 et
527 3824 559 3878 iu
573 3826 680 3894 vulgus
696 3824 844 3890 emittam,
860 3824 945 3894 parvi
962 3841 1028 3879 mea
1040 3825 1130 3878 refert
1143 3823 1173 3877 id
1187 3840 1244 3878 non
1262 3823 1354 3879 latius

235 3925 385 3965 emanare.
410 3909 573 3977 Nunquam
599 3908 679 3962 enim
707 3907 783 3977 quod
808 3908 991 3963 vilissimum
1017 3912 1060 3963 est
1084 3907 1115 3961 in
1143 3907 1238 3978 pretio
1262 3908 1322 3962 ruit
1346 3927 1353 3977 ;

235 3995 336 4064 itaque
351 4010 457 4049 aurum
471 3993 566 4063 pluris
582 4009 670 4063 quam
685 3993 728 4047 sal
744 3992 941 4048 aestimatur:
958 3992 1100 4047 similiter
1115 3991 1151 4046 de
1166 3991 1353 4048 carminibus

235 4078 436 4134 existimatur.
454 4092 468 4130 u
492 4076 605 4146 (Aram
620 4077 717 4151 plata,
737 4075 869 4133 Guiruut
888 4076 923 4132 dc
942 4077 1086 4142 Bornettt,
1108 4094 1137 4132 v.
1158 4077 1173 4132 1
1194 4081 1224 4132 et
1243 4093 1299 4147 sq,
1316 4095 1354 4133 ex

235 4163 389 4233 Kolseuie‚
406 4180 452 4238 op.
470 4159 565 4226 laud„
583 4178 611 4234 p.
628 4160 685 4228 83.)
