2860 4952
550 363 726 451 „47-

60 589 81 638 n
117 575 196 642 tort
214 577 283 643 ben
303 575 511 646 l’entendon
531 597 549 646 e
574 597 636 664 ges
656 596 702 645 no
722 577 958 655 l’entendran,
982 596 1025 662 qe
1045 576 1193 664 cujeran

60 710 81 754 n
118 711 164 759 so
186 693 263 777 qelz
278 711 324 760 en
340 700 490 779 tengues
507 695 592 760 horn
607 713 670 781 per
686 712 769 780 pecs
789 693 819 760 si
835 694 939 760 dizon
953 711 995 778 qe
1016 711 1088 760 non
1104 693 1194 759 l'en-

60 826 81 870 n
117 809 344 876 tendesson:
367 815 401 876 et
420 810 534 877 enaisi
555 829 720 896 enganan
741 810 795 876 lor
815 810 957 887 mezeiS,
976 828 1019 894 qe
1034 829 1102 876 uns
1117 810 1194 877 dels

62 940 82 988 «
118 925 242 1010 major
261 944 344 992 sens
364 926 421 993 del
435 932 537 993 mont
552 945 589 993 es
604 927 665 1011 qui
679 926 856 994 demanda
873 926 909 992 ni
930 925 988 992 vol
1009 943 1141 1012 apenre
1155 943 1195 992 so

63 1060 83 1104 n
119 1059 168 1126 qe
185 1059 257 1107 non
271 1059 347 1128 sap,
370 1047 403 1109 et
424 1047 540 1109 assatz
555 1042 624 1109 deu
640 1060 726 1108 aver
746 1041 861 1126 maior
882 1041 1075 1128 vergoigna
1090 1041 1143 1108 cel
1159 1041 1194 1127 qi

66 1177 86 1220 n
122 1175 201 1223 non
223 1176 286 1242 sap
307 1175 350 1242 qe
370 1157 458 1224 aicel
474 1158 509 1242 qi
530 1158 719 1225 demanda.
738 1157 762 1224 E
778 1158 821 1224 sil
838 1176 880 1244 qe
900 1159 1092 1236 entendon,
1109 1163 1195 1243 qant

67 1293 87 1338 n
122 1272 255 1339 auzion
270 1292 320 1339 un
340 1274 494 1341 malvais
510 1274 689 1353 trohador,
714 1292 777 1359 per
796 1279 1053 1359 ensegnament
1071 1273 1094 1339 li
1115 1272 1195 1340 lau—

3 1401 4 1404 ’
65 1409 84 1453 n
119 1408 234 1456 zaran
255 1407 320 1456 son
340 1391 516 1470 chantar;
539 1407 558 1456 e
578 1390 607 1456 si
628 1408 675 1456 no
695 1389 729 1457 lo
749 1390 857 1458 volon
878 1390 1010 1466 launar,
1033 1389 1066 1456 al
1091 1407 1194 1457 menz

66 1525 84 1569 «
119 1506 253 1573 volran
273 1506 458 1586 blasmar;
480 1510 514 1573 et
534 1507 599 1572 alsi
620 1524 686 1573 son
706 1509 861 1591 enganat
881 1506 906 1571 li
926 1506 1106 1583 trobador,
1130 1523 1149 1572 e
1170 1504 1194 1570 li

67 1639 85 1685 n
119 1621 272 1688 auzidor
286 1621 368 1688 n'an
384 1622 419 1689 lo
435 1622 602 1688 blasme⁴.
623 1643 638 1685 n

120 1737 221 1804 Nihil
238 1737 396 1822 proiecto
412 1738 571 1824 apertius
592 1738 660 1804 dici
682 1743 809 1824 potest,
829 1743 867 1805 ut
883 1738 1093 1808 ostendatur
1108 1755 1194 1822 quo-

2 1899 3 1904 =
67 1855 187 1920 modo
213 1859 400 1938 poetarum
421 1853 597 1938 judicium
619 1871 884 1938 nonnunquam
904 1853 948 1920 ab
968 1854 1193 1921 existimato-

2 1990 3 1994 *
67 1971 182 2037 ribus
207 1969 295 2054 ipsis
315 1974 581 2055 corrumpatur.
611 1968 848 2037 Laudandum
873 1971 1085 2055 praesertim
1110 1968 1193 2036 Rai-

69 2087 260 2154 mundum
280 2085 532 2153 existimamus
548 2086 645 2170 quod
666 2083 790 2152 discere
810 2086 942 2172 probro
962 2085 1099 2152 nemini
1115 2103 1193 2152 esse

1 2198 4 2224 f
69 2201 239 2289 profiteri
273 2219 346 2268 non
373 2201 602 2270 dubitaverit.
632 2201 757 2269 Nonne
785 2201 883 2269 enim
912 2202 1000 2268 haec
1028 2201 1192 2268 eamdem

1 2393 2 2409 ἢ
70 2318 214 2404 ingenii
234 2317 425 2386 sanitatem
445 2318 628 2386 declarant
649 2325 755 2404 atque
771 2319 831 2386 illa
852 2319 966 2386 Flacci
982 2320 1090 2386 verba
1111 2318 1193 2403 qui-

1 2430 3 2446 '
70 2435 144 2502 bus
160 2433 222 2500 hic
242 2439 366 2519 poetae
380 2434 539 2503 officium
555 2436 745 2522 descripsit
761 2454 767 2501 :

1 2551 2 2566 ¹
121 2551 193 2618 Cur
211 2547 350 2628 nescire,
371 2547 503 2636 pudens
525 2568 645 2637 proce,
668 2569 771 2638 quom
796 2547 921 2617 discere
944 2547 1087 2617 rnulo¹l

118 2667 215 2733 Haec
237 2671 321 2733 sunt
337 2667 431 2734 acuti
452 2671 486 2734 et
506 2667 723 2752 perspicacis
735 2645 1011 2734 'existimatoris
1039 2666 1088 2735 Ne
1110 2664 1192 2749 quis

76 2801 162 2851 vero
174 2782 420 2850 Raimundum
433 2784 528 2850 hanc
541 2783 756 2851 sententiam
770 2788 903 2852 temere
915 2783 1041 2852 tulisse
1056 2787 1188 2865 credat,

1 2989 2 2998 ἵ
74 2917 192 2986 pauca
212 2899 320 2967 etiam
340 2899 531 2967 aileremus
553 2899 661 2967 verba
681 2900 813 2985 quibus
830 2900 889 2968 ille
909 2919 1019 2986 supra
1041 2901 1192 2987 allegata

73 3015 234 3083 breviter
249 3015 502 3100 complectitur
521 3033 528 3081 :

1 3215 2 3234 i
110 3210 137 3266 1.
160 3224 175 3263 n
196 3209 282 3274 Quod
297 3210 334 3265 ad
349 3210 496 3281 poeticam
517 3210 684 3266 doctrinam
700 3209 810 3266 attinet
825 3213 928 3280 poetae
943 3211 1145 3282 decipiuntur,
1163 3216 1192 3268 et

76 3308 90 3347 u
111 3295 258 3364 quomodo
274 3300 303 3350 et
322 3312 380 3365 qua
400 3313 431 3350 re
451 3295 482 3350 id
501 3295 565 3350 lieri
585 3297 678 3351 soleat
697 3295 781 3350 vobis
796 3295 905 3350 dicam.
926 3296 1091 3352 Audientes
1110 3296 1191 3350 enim

77 3391 91 3432 o
112 3380 164 3450 qui
177 3379 257 3434 nihil
272 3380 463 3450 intellegunt,
478 3395 545 3435 cnm
562 3385 641 3436 recte
656 3379 810 3436 eonditum
827 3397 946 3435 carmen
962 3381 1099 3448 audiunt,
1116 3397 1146 3434 se
1161 3380 1192 3435 id

77 3477 91 3515 n
112 3469 191 3520 recte
211 3464 385 3534 intellegere
404 3465 560 3532 simulant,
577 3465 632 3520 etsi
649 3482 707 3519 non
723 3465 903 3534 intellegunt
920 3483 926 3532 ;
948 3482 1016 3520 nam
1036 3484 1067 3521 se
1086 3467 1192 3521 stultos

78 3563 93 3601 n
114 3549 217 3604 haberi
233 3549 442 3605 existimarent
457 3549 482 3605 si
502 3563 532 3604 se
552 3567 609 3604 non
633 3549 806 3617 intellegere
826 3551 990 3605 faterentur
1007 3567 1013 3618 ;
1034 3551 1078 3606 ita
1099 3555 1192 3606 semet

1 3623 2 3672 ἶ
80 3647 93 3685 u
112 3633 191 3704 ipsos
206 3633 386 3704 decipiunt;
408 3651 477 3689 narn
494 3635 519 3689 is
534 3634 613 3689 inter
633 3634 869 3704 sapientissimos
884 3636 1128 3691 annumerandus
1148 3640 1192 3691 est

1 3727 2 3802 ἐ
80 3731 94 3769 n
114 3719 164 3788 qui
189 3718 220 3773 id
243 3719 319 3789 quod
344 3719 440 3774 nescit
463 3724 654 3789 percontatur
678 3723 707 3774 et
729 3719 841 3774 discere
865 3721 955 3788 vult;
977 3720 1068 3775 istum
1091 3725 1190 3775 autem

80 3816 94 3854 n
114 3805 208 3858 multo
231 3803 326 3873 magis
347 3804 457 3873 pudeat
473 3804 524 3874 qui
539 3803 635 3859 nescit
657 3821 745 3873 quam
761 3821 828 3860 eum
852 3804 902 3874 qui
925 3811 1124 3874 percontatur.
1142 3806 1190 3862 llli

81 3899 95 3937 n
114 3904 182 3943 vero
206 3888 257 3958 qui
282 3887 417 3944 carmina
440 3889 631 3958 intellegunt,
657 3888 682 3944 si
711 3888 890 3944 incallidum
915 3894 1031 3958 poetam
1056 3891 1190 3957 audient,

82 3972 293 4028 «urbanitatis
318 3989 415 4040 causa,
437 3973 539 4028 laudes
561 3973 644 4028 illius
665 3972 792 4028 carmini
815 3973 958 4042 tribuent,
982 3977 1142 4042 ambone,
1165 3975 1191 4029 si

1 4059 3 4162 p
83 4069 96 4105 u
116 4057 234 4112 laudare
247 4059 359 4124 nolent,
374 4074 433 4111 non
448 4058 666 4127 reprehendent
681 4075 687 4125 ;
709 4058 752 4112 ita
764 4062 867 4128 poetae
880 4058 1072 4130 decipiuntur
1088 4077 1094 4115 :
1116 4073 1191 4130 quae

84 4149 97 4191 o
116 4157 158 4196 res
173 4143 360 4198 audientium
376 4142 486 4197 delicto
501 4141 621 4199 accidit.
639 4157 653 4197 u
673 4140 762 4206 ltin,
779 4158 809 4214 p.
825 4142 870 4200 70.

116 4251 141 4308 2.
160 4251 209 4310 Act
221 4251 360 4318 Pisones,
375 4270 404 4309 v.
419 4251 463 4310 88.
