2860 4952
676 369 853 438 ..53-

206 559 1335 653 dnm,postquamamoremabomniturpicnpiditatevacuum

207 679 439 764 praedicarit,
464 681 620 750 affirmat
645 685 828 752 neminem
850 702 894 750 ex
913 683 1067 769 egregiis
1089 683 1336 750 Australibus

205 795 322 880 poetis
352 815 515 882 unquam
544 799 581 866 ln
612 817 723 884 prava
754 799 902 867 libidine
932 800 1072 866 tuisse:
1104 799 1185 866 vult
1213 799 1337 885 igitur

205 918 345 980 ceteros
369 913 498 982 docere
525 933 543 976 ι
565 933 629 1000 per
647 915 733 1000 qual
760 915 921 982 maniera
947 916 1064 982 deuon
1089 934 1195 982 amar
1220 921 1261 982 et
1288 915 1337 981 ab

207 1026 319 1115 [qual]
335 1029 608 1098 enlendemene
626 1031 671 1098 de
683 1031 769 1116 qual
784 1050 898 1108 umor,
920 1049 981 1098 e...
1003 1031 1166 1098 relrenar
1184 1031 1242 1098 los
1257 1031 1337 1098 tols

203 1145 1336 1230 aymadorse...ostarlorsavolsamorselorsavolsdeziriers

203 1260 257 1328 els
276 1261 444 1330 dezonetz
468 1280 692 1332 movemens.
713 1261 809 1342 Quar
831 1263 951 1348 degon
974 1269 1092 1348 temps
1118 1263 1232 1330 lunbs
1258 1263 1336 1330 bos

203 1377 393 1445 trobadors
407 1397 479 1464 que
497 1379 550 1446 sia
569 1385 680 1446 eslatz
700 1379 781 1446 lials
800 1397 967 1464 amayres
986 1395 1033 1446 no
1052 1377 1265 1446 s’entendec
1281 1397 1336 1445 en

203 1492 285 1560 avol
305 1512 408 1562 amor
422 1494 459 1560 ni
479 1512 524 1562 en
537 1495 704 1562 denonesl
717 1496 896 1562 dezirier¹.
914 1515 930 1559 o

248 1605 297 1675 Ne
310 1615 430 1676 aulem
447 1611 582 1678 mirum
597 1611 762 1688 videatur
775 1610 1010 1678 Guillelmum
1026 1609 1333 1678 ita'contendisse

203 1729 345 1792 lantum
377 1726 549 1811 pudicum
583 1744 744 1794 amorem
778 1726 1007 1794 Australibus
1040 1726 1156 1812 poetis
1189 1732 1329 1795 notum

202 1839 326 1915 luisse,
362 1846 501 1925 oportet
535 1843 811 1910 meminerimus
844 1842 911 1908 bos
943 1859 1105 1909 amorem
1138 1841 1328 1928 originem

201 1955 367 2024 omnium
384 1956 560 2024 virtutum
582 1958 763 2024 babuisse.
787 1957 909 2042 lgitur,
928 1977 1013 2024 cum
1032 1961 1197 2024 amantes
1214 1977 1329 2026 amo-

202 2070 252 2138 ris
274 2071 389 2157 ipsius
405 2073 439 2138 vi
460 2072 628 2140 meliores
644 2073 725 2140 lieri
745 2079 849 2140 antea
863 2073 1108 2151 crederentur,
1126 2073 1222 2140 hanc
1236 2073 1327 2158 opi·
1429 2144 1430 2153 χ

202 2187 346 2254 nionem
362 2206 447 2272 prae
462 2207 501 2255 se
514 2188 606 2255 terre
620 2195 756 2274 poterat
770 2189 981 2255 Molinarius
997 2194 1036 2254 ul
1055 2188 1155 2255 illam
1169 2193 1327 2255 senten-

201 2302 288 2368 tiam
320 2303 363 2370 de
395 2304 518 2388 lyricis
549 2305 810 2389 pronuntiaret.
842 2304 1098 2371 Verumtamen
1129 2304 1326 2371 Australes

201 2419 334 2503 lyricos
349 2438 479 2487 sensus
498 2425 531 2488 et
552 2421 713 2487 carmina
734 2420 778 2487 ad
798 2421 911 2486 bonas
926 2425 1021 2486 artes
1037 2438 1226 2504 nunquam
1242 2437 1325 2487 non

200 2536 531 2603 accommodavisse
557 2537 773 2604 confirmare
802 2537 955 2603 arduum
984 2541 1071 2602 erat.
1101 2533 1186 2614 Quis
1216 2535 1324 2602 enim

199 2651 332 2737 lyricos
345 2652 511 2718 dominas
525 2651 693 2719 laudibus
706 2652 886 2719 etlerendo
901 2656 1043 2718 tantum
1057 2651 1182 2718 virtuti
1197 2650 1325 2718 indul-

200 2767 290 2834 sisse
322 2767 450 2834 merito
474 2766 744 2834 contenderet?
770 2768 937 2834 Attamen
972 2767 1040 2834 hoe
1066 2767 1324 2850 demonstrare
1429 2814 1430 2821 κ

199 2887 351 2949 conatur
364 2882 575 2949 Molinarius
589 2883 625 2948 iu
640 2883 796 2968 quadam
810 2883 928 2968 operis
942 2887 1053 2968 parte,
1072 2901 1143 2966 qua
1157 2899 1229 2948 uon
1246 2882 1323 2950 alia
1429 2902 1430 2907 ¹

199 2999 289 3065 forte
317 2997 466 3083 majoris
493 3003 546 3065 est
576 2998 762 3076 momenti,
792 3003 829 3065 ut
856 3016 966 3082 quam
990 2997 1224 3064 vehementer
1255 2996 1323 3065 ille
1429 3010 1430 3019 ¹

198 3113 409 3181 amatorium
443 3113 580 3198 poesim
612 3132 696 3180 oum
728 3113 832 3180 bonis
864 3113 1026 3179 moribus
1059 3111 1161 3197 jungi
1193 3111 1321 3196 cupiat

198 3228 449 3316 perspiciatur.
487 3228 638 3308 Etenim,
667 3247 751 3296 cum
786 3247 851 3296 eur
884 3227 988 3313 lyrici
1020 3227 1056 3294 in
1089 3227 1318 3294 carminibus

197 3344 350 3411 feminas
365 3343 571 3429 praedicare
584 3343 722 3410 soleant
736 3343 886 3428 quaerit,
901 3343 944 3410 de
958 3343 1025 3409 hac
1038 3361 1075 3408 re
1090 3343 1137 3408 ita
1150 3341 1315 3409 disserit:

243 3479 258 3522 u
286 3458 332 3526 La
348 3477 456 3526 cauzo
475 3477 538 3544 per
554 3477 623 3544 que
639 3459 724 3525 hom
746 3477 766 3524 a
781 3463 982 3524 acostumat
997 3461 1122 3524 cantat
1141 3458 1184 3524 de
1200 3458 1318 3524 donas

196 3575 225 3642 si
249 3594 286 3643 es
309 3579 482 3660 aquesla:
506 3593 586 3660 que,
606 3574 634 3640 si
651 3592 689 3640 es
710 3573 862 3659 piucela,
881 3591 902 3639 o
922 3577 1025 3639 antra
1045 3591 1114 3658 que
1138 3591 1211 3640 non
1231 3573 1319 3660 baja

230 3848 255 3904 1.
277 3849 389 3905 Docere
409 3846 710 3917 «quantumquo
730 3847 831 3902 auimo
847 3864 942 3918 quove
961 3864 1061 3903 amore
1082 3847 1121 3903 sit
1136 3847 1315 3916 amandum,

195 3937 224 3988 et
228 3975 281 3988 .....
299 3934 448 3988 refrenare
467 3948 515 3986 eos
535 3931 586 4001 qui
606 3932 711 3986 insano
730 3948 830 3986 amore
850 3932 1010 4002 capiuntur
1024 3935 1054 3987 et
1073 3932 1189 3987 eosdem
1211 3933 1316 4003 pravis

194 4017 355 4083 amoribus,
368 4015 469 4086 pravis
483 4015 709 4085 cupiditatibus
722 4015 888 4071 inhonestis
903 4016 999 4071 animi
1015 4015 1145 4071 motibus
1160 4017 1314 4087 expedire.

193 4101 356 4173 Nunquam
369 4099 449 4156 enim
462 4099 540 4155 iuter
551 4101 641 4155 bonos
652 4101 761 4171 lyricos
774 4100 850 4156 fidus
863 4117 967 4156 amaus
981 4099 1098 4156 exstitit
1109 4101 1160 4170 qui
1174 4117 1206 4156 se
1221 4118 1316 4172 pravo

194 4185 287 4256 umori
304 4185 517 4243 inhonestaeve
531 4183 691 4266 cupiditati
707 4183 865 4251 dediderit.
881 4200 895 4239 u
916 4186 980 4252 (lli,
995 4202 1023 4267 p.
1040 4184 1113 4251 360)‚
