<?xml version="1.0" encoding="UTF-8"?>
<!DOCTYPE html PUBLIC "-//W3C//DTD XHTML 1.0 Transitional//EN"
    "http://www.w3.org/TR/xhtml1/DTD/xhtml1-transitional.dtd">
<html xmlns="http://www.w3.org/1999/xhtml" xml:lang="en" lang="en">
 <head>
  <title>
</title>
<meta http-equiv="Content-Type" content="text/html;charset=utf-8" />
  <meta name='ocr-system' content='tesseract 3.04.00' />
  <meta name='ocr-capabilities' content='ocr_page ocr_carea ocr_par ocr_line ocrx_word'/>
</head>
<body>
  <div class='ocr_page' id='page_1' title='image "./quaejudiciadeli00andrgoog_0082.png"; bbox 0 0 2860 4952; ppageno 0'>
   <div class='ocr_carea' id='block_1_1' title="bbox 660 369 837 437">
    <p class='ocr_par' dir='ltr' id='par_1_1' title="bbox 660 369 837 437">
     <span class='ocr_line' id='line_1_1' title="bbox 660 369 837 437; baseline 0 -21"><span class='ocrx_word' id='word_1_1' title='bbox 660 369 837 437; x_wconf 71' lang='lat'>..74-</span> 
     </span>
    </p>
   </div>
   <div class='ocr_carea' id='block_1_2' title="bbox 190 563 1320 652">
    <p class='ocr_par' dir='ltr' id='par_1_2' title="bbox 190 543 1424 666">
     <span class='ocr_line' id='line_1_2' title="bbox 190 563 1320 652; baseline 0.006 -24"><span class='ocrx_word' id='word_1_2' title='bbox 190 580 341 630; x_wconf 90' lang='lat' dir='ltr'>cursum</span> <span class='ocrx_word' id='word_1_3' title='bbox 352 563 512 632; x_wconf 84' lang='lat' dir='ltr'>hiantem</span> <span class='ocrx_word' id='word_1_4' title='bbox 524 565 774 652; x_wconf 84' lang='lat' dir='ltr'>reprehendat,</span> <span class='ocrx_word' id='word_1_5' title='bbox 789 572 913 652; x_wconf 87' lang='lat' dir='ltr'>poetae</span> <span class='ocrx_word' id='word_1_6' title='bbox 925 567 1152 633; x_wconf 81' lang='lat' dir='ltr'>tamcnhanc</span> <span class='ocrx_word' id='word_1_7' title='bbox 1164 565 1320 632; x_wconf 82' lang='lat' dir='ltr'>venium</span> 
     </span>
    </p>
   </div>
   <div class='ocr_carea' id='block_1_3' title="bbox 191 669 1424 769">
    <p class='ocr_par' dir='ltr' id='par_1_3' title="bbox 191 669 1424 769">
     <span class='ocr_line' id='line_1_3' title="bbox 191 669 1424 769; baseline 0.007 -25"><span class='ocrx_word' id='word_1_8' title='bbox 191 678 250 745; x_wconf 83' lang='lat' dir='ltr'>dat</span> <span class='ocrx_word' id='word_1_9' title='bbox 264 685 303 746; x_wconf 86' lang='lat' dir='ltr'>ut</span> <span class='ocrx_word' id='word_1_10' title='bbox 316 681 534 765; x_wconf 83' lang='lat' dir='ltr'>quibusdam</span> <span class='ocrx_word' id='word_1_11' title='bbox 550 683 669 748; x_wconf 86' lang='lat' dir='ltr'>verbis</span> <span class='ocrx_word' id='word_1_12' title='bbox 683 682 823 748; x_wconf 86' lang='lat' dir='ltr'>usitatis</span> <span class='ocrx_word' id='word_1_13' title='bbox 839 701 880 750; x_wconf 85' lang='lat' dir='ltr'>ac</span> <span class='ocrx_word' id='word_1_14' title='bbox 893 683 987 750; x_wconf 83' lang='lat' dir='ltr'>tritis</span> <span class='ocrx_word' id='word_1_15' title='bbox 1002 681 1017 766; x_wconf 91' lang='lat'><em>(</em></span> <span class='ocrx_word' id='word_1_16' title='bbox 1019 679 1090 769; x_wconf 81' lang='lat' dir='ltr'>qui,</span> <span class='ocrx_word' id='word_1_17' title='bbox 1109 680 1150 760; x_wconf 79' lang='lat' dir='ltr'>ci,</span> <span class='ocrx_word' id='word_1_18' title='bbox 1168 681 1212 748; x_wconf 80' lang='lat' dir='ltr'>ni</span> <span class='ocrx_word' id='word_1_19' title='bbox 1226 678 1318 767; x_wconf 84' lang='lat' dir='ltr'>etc.)</span> <span class='ocrx_word' id='word_1_20' title='bbox 1421 669 1424 730; x_wconf 68' lang='grc' dir='ltr'>ἶ</span> 
     </span>
    </p>
   </div>
   <div class='ocr_carea' id='block_1_4' title="bbox 190 797 1424 1808">
    <p class='ocr_par' dir='ltr' id='par_1_4' title="bbox 191 797 1424 1210">
     <span class='ocr_line' id='line_1_4' title="bbox 191 797 1318 883; baseline 0.003 -22"><span class='ocrx_word' id='word_1_21' title='bbox 191 800 324 873; x_wconf 81' lang='lat' dir='ltr'>utatur,</span> <span class='ocrx_word' id='word_1_22' title='bbox 348 797 456 863; x_wconf 84' lang='lat' dir='ltr'>etiem</span> <span class='ocrx_word' id='word_1_23' title='bbox 473 799 502 863; x_wconf 89' lang='lat' dir='ltr'>si</span> <span class='ocrx_word' id='word_1_24' title='bbox 523 798 664 865; x_wconf 83' lang='lat' dir='ltr'>hiulcce</span> <span class='ocrx_word' id='word_1_25' title='bbox 685 816 791 865; x_wconf 86' lang='lat' dir='ltr'>voces</span> <span class='ocrx_word' id='word_1_26' title='bbox 810 797 1024 876; x_wconf 83' lang='lat' dir='ltr'>efficiantur,</span> <span class='ocrx_word' id='word_1_27' title='bbox 1043 799 1131 865; x_wconf 91' lang='lat' dir='ltr'>dum</span> <span class='ocrx_word' id='word_1_28' title='bbox 1150 817 1318 883; x_wconf 85' lang='lat' dir='ltr'>sequens</span> 
     </span>
     <span class='ocr_line' id='line_1_5' title="bbox 191 911 1319 999; baseline 0.006 -24"><span class='ocrx_word' id='word_1_29' title='bbox 191 911 326 977; x_wconf 84' lang='lat' dir='ltr'>vocalis</span> <span class='ocrx_word' id='word_1_30' title='bbox 346 913 470 979; x_wconf 84' lang='lat' dir='ltr'>cadem</span> <span class='ocrx_word' id='word_1_31' title='bbox 492 932 535 981; x_wconf 89' lang='lat' dir='ltr'>ne</span> <span class='ocrx_word' id='word_1_32' title='bbox 557 913 631 981; x_wconf 86' lang='lat' dir='ltr'>sit&#39;.</span> <span class='ocrx_word' id='word_1_33' title='bbox 655 915 824 980; x_wconf 85' lang='lat' dir='ltr'>Eamdem</span> <span class='ocrx_word' id='word_1_34' title='bbox 846 914 989 980; x_wconf 82' lang='lat' dir='ltr'>veniam</span> <span class='ocrx_word' id='word_1_35' title='bbox 1011 915 1124 999; x_wconf 88' lang='lat' dir='ltr'>puetis</span> <span class='ocrx_word' id='word_1_36' title='bbox 1144 916 1232 981; x_wconf 83' lang='lat' dir='ltr'>dare</span> <span class='ocrx_word' id='word_1_37' title='bbox 1255 935 1319 982; x_wconf 90' lang='lat' dir='ltr'>re-</span> 
     </span>
     <span class='ocr_line' id='line_1_6' title="bbox 191 1027 1318 1110; baseline 0.005 -18"><span class='ocrx_word' id='word_1_38' title='bbox 191 1027 368 1094; x_wconf 86' lang='lat' dir='ltr'>centiores</span> <span class='ocrx_word' id='word_1_39' title='bbox 388 1029 554 1108; x_wconf 87' lang='lat' dir='ltr'>technici,</span> <span class='ocrx_word' id='word_1_40' title='bbox 578 1048 661 1096; x_wconf 94' lang='lat' dir='ltr'>cum</span> <span class='ocrx_word' id='word_1_41' title='bbox 683 1029 795 1096; x_wconf 86' lang='lat' dir='ltr'>nimia</span> <span class='ocrx_word' id='word_1_42' title='bbox 815 1030 1004 1098; x_wconf 87' lang='lat' dir='ltr'>severitate</span> <span class='ocrx_word' id='word_1_43' title='bbox 1027 1033 1230 1110; x_wconf 82' lang='lat' dir='ltr'>uterentur,</span> <span class='ocrx_word' id='word_1_44' title='bbox 1250 1031 1318 1098; x_wconf 93' lang='lat' dir='ltr'>diu</span> 
     </span>
     <span class='ocr_line' id='line_1_7' title="bbox 192 1141 1424 1210; baseline 0.006 -3"><span class='ocrx_word' id='word_1_45' title='bbox 192 1141 460 1210; x_wconf 84' lang='lat' dir='ltr'>dubitaverunt.</span> <span class='ocrx_word' id='word_1_46' title='bbox 1422 1151 1424 1164; x_wconf 93' lang='lat'>&#39;</span> 
     </span>
    </p>

    <p class='ocr_par' dir='ltr' id='par_1_5' title="bbox 190 1253 1424 1576">
     <span class='ocr_line' id='line_1_8' title="bbox 237 1253 1424 1345; baseline 0.003 -21"><span class='ocrx_word' id='word_1_47' title='bbox 237 1257 341 1325; x_wconf 81' lang='lat' dir='ltr'>Recte</span> <span class='ocrx_word' id='word_1_48' title='bbox 352 1259 459 1325; x_wconf 83' lang='lat' dir='ltr'>etiam</span> <span class='ocrx_word' id='word_1_49' title='bbox 472 1258 686 1327; x_wconf 82' lang='lat' dir='ltr'>Guittetmus</span> <span class='ocrx_word' id='word_1_50' title='bbox 698 1262 881 1328; x_wconf 87' lang='lat' dir='ltr'>duriorem</span> <span class='ocrx_word' id='word_1_51' title='bbox 896 1261 1023 1345; x_wconf 79' lang='lat' dir='ltr'>legem,</span> <span class='ocrx_word' id='word_1_52' title='bbox 1038 1278 1129 1344; x_wconf 83' lang='lat' dir='ltr'>quae</span> <span class='ocrx_word' id='word_1_53' title='bbox 1142 1262 1316 1328; x_wconf 83' lang='lat' dir='ltr'>eumdem</span> <span class='ocrx_word' id='word_1_54' title='bbox 1422 1253 1424 1338; x_wconf 73' lang='grc' dir='ltr'>ζ</span> 
     </span>
     <span class='ocr_line' id='line_1_9' title="bbox 191 1376 1317 1464; baseline 0.004 -24"><span class='ocrx_word' id='word_1_55' title='bbox 191 1376 672 1443; x_wconf 83' lang='lat' dir='ltr'>consonanteminextrema</span> <span class='ocrx_word' id='word_1_56' title='bbox 685 1377 934 1462; x_wconf 83' lang='lat' dir='ltr'>partevcciset</span> <span class='ocrx_word' id='word_1_57' title='bbox 946 1379 981 1444; x_wconf 93' lang='lat' dir='ltr'>in</span> <span class='ocrx_word' id='word_1_58' title='bbox 995 1379 1110 1464; x_wconf 82' lang='lat' dir='ltr'>prima</span> <span class='ocrx_word' id='word_1_59' title='bbox 1123 1381 1317 1463; x_wconf 84' lang='lat' dir='ltr'>sequentis</span> 
     </span>
     <span class='ocr_line' id='line_1_10' title="bbox 190 1490 815 1576; baseline 0.003 -20"><span class='ocrx_word' id='word_1_60' title='bbox 190 1490 289 1557; x_wconf 88' lang='lat' dir='ltr'>vocis</span> <span class='ocrx_word' id='word_1_61' title='bbox 310 1497 410 1576; x_wconf 85' lang='lat' dir='ltr'>parte</span> <span class='ocrx_word' id='word_1_62' title='bbox 426 1493 510 1576; x_wconf 86' lang='lat' dir='ltr'>puni</span> <span class='ocrx_word' id='word_1_63' title='bbox 527 1498 633 1570; x_wconf 84' lang='lat' dir='ltr'>vetut,</span> <span class='ocrx_word' id='word_1_64' title='bbox 652 1493 791 1576; x_wconf 83' lang='lat' dir='ltr'>mitigat</span> <span class='ocrx_word' id='word_1_65' title='bbox 809 1511 815 1557; x_wconf 91' lang='lat'>:</span> 
     </span>
    </p>

    <p class='ocr_par' dir='ltr' id='par_1_6' title="bbox 192 1606 1317 1808">
     <span class='ocr_line' id='line_1_11' title="bbox 237 1606 1317 1694; baseline 0.006 -22"><span class='ocrx_word' id='word_1_66' title='bbox 237 1625 252 1667; x_wconf 63' lang='grc' dir='ltr'>(ε</span> <span class='ocrx_word' id='word_1_67' title='bbox 281 1606 320 1673; x_wconf 82' lang='grc' dir='ltr'>Ει</span> <span class='ocrx_word' id='word_1_68' title='bbox 348 1625 454 1691; x_wconf 84' lang='lat' dir='ltr'>ayssc</span> <span class='ocrx_word' id='word_1_69' title='bbox 481 1609 595 1674; x_wconf 88' lang='lat' dir='ltr'>dizem</span> <span class='ocrx_word' id='word_1_70' title='bbox 626 1627 689 1692; x_wconf 89' lang='lat' dir='ltr'>per</span> <span class='ocrx_word' id='word_1_71' title='bbox 718 1626 786 1691; x_wconf 86' lang='lat' dir='ltr'>que</span> <span class='ocrx_word' id='word_1_72' title='bbox 816 1614 895 1694; x_wconf 86' lang='lat' dir='ltr'>trop</span> <span class='ocrx_word' id='word_1_73' title='bbox 925 1627 971 1674; x_wconf 92' lang='lat' dir='ltr'>no</span> <span class='ocrx_word' id='word_1_74' title='bbox 1000 1614 1206 1694; x_wconf 81' lang='lat' dir='ltr'>estrengam</span> <span class='ocrx_word' id='word_1_75' title='bbox 1235 1617 1317 1678; x_wconf 82' lang='lat' dir='ltr'>esta</span> 
     </span>
     <span class='ocr_line' id='line_1_12' title="bbox 192 1721 1317 1808; baseline 0.005 -22"><span class='ocrx_word' id='word_1_76' title='bbox 192 1721 331 1788; x_wconf 76' lang='lat' dir='ltr'>sciense</span> <span class='ocrx_word' id='word_1_77' title='bbox 351 1741 370 1789; x_wconf 88' lang='lat' dir='ltr'>e</span> <span class='ocrx_word' id='word_1_78' title='bbox 397 1741 461 1808; x_wconf 89' lang='lat' dir='ltr'>per</span> <span class='ocrx_word' id='word_1_79' title='bbox 481 1742 520 1790; x_wconf 91' lang='lat' dir='ltr'>so</span> <span class='ocrx_word' id='word_1_80' title='bbox 546 1742 614 1808; x_wconf 89' lang='lat' dir='ltr'>que</span> <span class='ocrx_word' id='word_1_81' title='bbox 642 1742 705 1808; x_wconf 89' lang='lat' dir='ltr'>per</span> <span class='ocrx_word' id='word_1_82' title='bbox 725 1741 814 1807; x_wconf 81' lang='lat' dir='ltr'>gran</span> <span class='ocrx_word' id='word_1_83' title='bbox 838 1725 1104 1808; x_wconf 82' lang='lat' dir='ltr'>estreysshedat</span> <span class='ocrx_word' id='word_1_84' title='bbox 1125 1725 1180 1790; x_wconf 88' lang='lat' dir='ltr'>del</span> <span class='ocrx_word' id='word_1_85' title='bbox 1204 1726 1317 1792; x_wconf 83' lang='lat' dir='ltr'>saber</span> 
     </span>
    </p>
   </div>
   <div class='ocr_carea' id='block_1_5' title="bbox 191 1837 1424 2155">
    <p class='ocr_par' dir='ltr' id='par_1_7' title="bbox 191 1837 1424 2155">
     <span class='ocr_line' id='line_1_13' title="bbox 191 1837 1424 1934; baseline 0.003 -32"><span class='ocrx_word' id='word_1_86' title='bbox 191 1837 277 1903; x_wconf 86' lang='lat' dir='ltr'>hem</span> <span class='ocrx_word' id='word_1_87' title='bbox 291 1856 363 1905; x_wconf 89' lang='lat' dir='ltr'>nun</span> <span class='ocrx_word' id='word_1_88' title='bbox 378 1839 522 1924; x_wconf 83' lang='lat' dir='ltr'>laysshe</span> <span class='ocrx_word' id='word_1_89' title='bbox 536 1859 624 1924; x_wconf 84' lang='lat' dir='ltr'>gran</span> <span class='ocrx_word' id='word_1_90' title='bbox 639 1857 676 1905; x_wconf 87' lang='lat' dir='ltr'>re</span> <span class='ocrx_word' id='word_1_91' title='bbox 690 1839 732 1905; x_wconf 88' lang='lat' dir='ltr'>de</span> <span class='ocrx_word' id='word_1_92' title='bbox 746 1839 810 1904; x_wconf 90' lang='lat' dir='ltr'>bus</span> <span class='ocrx_word' id='word_1_93' title='bbox 825 1845 959 1905; x_wconf 87' lang='lat' dir='ltr'>mctz...</span> <span class='ocrx_word' id='word_1_94' title='bbox 977 1841 1073 1919; x_wconf 81' lang='lat' dir='ltr'>Ouur</span> <span class='ocrx_word' id='word_1_95' title='bbox 1085 1857 1180 1925; x_wconf 68' lang='lat' dir='ltr'>muys</span> <span class='ocrx_word' id='word_1_96' title='bbox 1192 1858 1318 1906; x_wconf 79' lang='lat' dir='ltr'>urnam</span> <span class='ocrx_word' id='word_1_97' title='bbox 1422 1919 1424 1934; x_wconf 23' lang='lat'><strong>*</strong></span> 
     </span>
     <span class='ocr_line' id='line_1_14' title="bbox 191 1943 1424 2041; baseline 0.004 -23"><span class='ocrx_word' id='word_1_98' title='bbox 191 1971 255 2040; x_wconf 83' lang='lat' dir='ltr'>quc</span> <span class='ocrx_word' id='word_1_99' title='bbox 271 1973 321 2019; x_wconf 85' lang='lat' dir='ltr'>un</span> <span class='ocrx_word' id='word_1_100' title='bbox 333 1973 424 2040; x_wconf 77' lang='lat' dir='ltr'>punc</span> <span class='ocrx_word' id='word_1_101' title='bbox 442 1953 493 2020; x_wconf 81' lang='lat' dir='ltr'>siu</span> <span class='ocrx_word' id='word_1_102' title='bbox 515 1973 615 2041; x_wconf 78' lang='lat' dir='ltr'>uspru</span> <span class='ocrx_word' id='word_1_103' title='bbox 637 1952 668 2020; x_wconf 79' lang='lat' dir='ltr'>iu</span> <span class='ocrx_word' id='word_1_104' title='bbox 689 1960 765 2019; x_wconf 80' lang='lat' dir='ltr'>rut:</span> <span class='ocrx_word' id='word_1_105' title='bbox 785 1972 848 2040; x_wconf 76' lang='lat' dir='ltr'>quc</span> <span class='ocrx_word' id='word_1_106' title='bbox 862 1951 892 2018; x_wconf 81' lang='lat' dir='ltr'>si</span> <span class='ocrx_word' id='word_1_107' title='bbox 906 1951 973 2020; x_wconf 76' lang='lat' dir='ltr'>r’en</span> <span class='ocrx_word' id='word_1_108' title='bbox 988 1952 1111 2040; x_wconf 81' lang='lat' dir='ltr'>perdiu</span> <span class='ocrx_word' id='word_1_109' title='bbox 1126 1953 1218 2021; x_wconf 84' lang='lat' dir='ltr'>bonu</span> <span class='ocrx_word' id='word_1_110' title='bbox 1232 1975 1317 2023; x_wconf 78' lang='lat' dir='ltr'>scn-</span> <span class='ocrx_word' id='word_1_111' title='bbox 1422 1943 1424 1972; x_wconf 75' lang='lat'>³</span> 
     </span>
     <span class='ocr_line' id='line_1_15' title="bbox 192 2063 1424 2155; baseline 0.002 -21"><span class='ocrx_word' id='word_1_112' title='bbox 192 2075 296 2134; x_wconf 75' lang='lat' dir='ltr'>terrra.</span> <span class='ocrx_word' id='word_1_113' title='bbox 314 2069 452 2155; x_wconf 87' lang='lat' dir='ltr'>Enperu</span> <span class='ocrx_word' id='word_1_114' title='bbox 467 2071 527 2155; x_wconf 90' lang='lat' dir='ltr'>qui</span> <span class='ocrx_word' id='word_1_115' title='bbox 544 2077 593 2137; x_wconf 82' lang='lat' dir='ltr'>tui</span> <span class='ocrx_word' id='word_1_116' title='bbox 607 2090 627 2136; x_wconf 92' lang='lat'>0</span> <span class='ocrx_word' id='word_1_117' title='bbox 642 2078 701 2155; x_wconf 85' lang='lat' dir='ltr'>pot</span> <span class='ocrx_word' id='word_1_118' title='bbox 715 2071 855 2155; x_wconf 82' lang='lat' dir='ltr'>gardan,</span> <span class='ocrx_word' id='word_1_119' title='bbox 880 2069 962 2154; x_wconf 89' lang='lat' dir='ltr'>plus</span> <span class='ocrx_word' id='word_1_120' title='bbox 979 2076 1112 2138; x_wconf 84' lang='lat' dir='ltr'>netues</span> <span class='ocrx_word' id='word_1_121' title='bbox 1129 2071 1275 2138; x_wconf 84' lang='lat' dir='ltr'>l&#39;obra¹.</span> <span class='ocrx_word' id='word_1_122' title='bbox 1297 2093 1313 2136; x_wconf 88' lang='lat' dir='ltr'>u</span> <span class='ocrx_word' id='word_1_123' title='bbox 1422 2063 1424 2078; x_wconf 60' lang='lat'><strong>⁴</strong></span> 
     </span>
    </p>
   </div>
   <div class='ocr_carea' id='block_1_6' title="bbox 191 2186 1315 2502">
    <p class='ocr_par' dir='ltr' id='par_1_8' title="bbox 191 2186 1315 2502">
     <span class='ocr_line' id='line_1_16' title="bbox 236 2186 1315 2271; baseline 0.002 -20"><span class='ocrx_word' id='word_1_124' title='bbox 236 2186 421 2270; x_wconf 84' lang='lat' dir='ltr'>Nusquam</span> <span class='ocrx_word' id='word_1_125' title='bbox 444 2187 601 2271; x_wconf 84' lang='lat' dir='ltr'>proiectu</span> <span class='ocrx_word' id='word_1_126' title='bbox 627 2187 882 2270; x_wconf 73' lang='lat' dir='ltr'>sapientiorem</span> <span class='ocrx_word' id='word_1_127' title='bbox 909 2204 946 2251; x_wconf 83' lang='lat' dir='ltr'>se</span> <span class='ocrx_word' id='word_1_128' title='bbox 972 2187 1136 2270; x_wconf 85' lang='lat' dir='ltr'>praebuit</span> <span class='ocrx_word' id='word_1_129' title='bbox 1156 2187 1315 2254; x_wconf 87' lang='lat' dir='ltr'>Guillel-</span> 
     </span>
     <span class='ocr_line' id='line_1_17' title="bbox 191 2321 285 2368; baseline 0 -2"><span class='ocrx_word' id='word_1_130' title='bbox 191 2321 285 2368; x_wconf 81' lang='lat' dir='ltr'>mus,</span> 
     </span>
     <span class='ocr_line' id='line_1_18' title="bbox 235 2417 1313 2502; baseline 0.003 -21"><span class='ocrx_word' id='word_1_131' title='bbox 235 2417 327 2484; x_wconf 83' lang='lat' dir='ltr'>Haec</span> <span class='ocrx_word' id='word_1_132' title='bbox 361 2419 491 2485; x_wconf 81' lang='lat' dir='ltr'>subtile</span> <span class='ocrx_word' id='word_1_133' title='bbox 524 2419 699 2502; x_wconf 83' lang='lat' dir='ltr'>judicium</span> <span class='ocrx_word' id='word_1_134' title='bbox 734 2419 916 2485; x_wconf 82' lang='lat' dir='ltr'>declarant</span> <span class='ocrx_word' id='word_1_135' title='bbox 951 2418 1138 2502; x_wconf 83' lang='lat' dir='ltr'>multaque</span> <span class='ocrx_word' id='word_1_136' title='bbox 1173 2419 1313 2484; x_wconf 85' lang='lat' dir='ltr'>leviora</span> 
     </span>
    </p>
   </div>
   <div class='ocr_carea' id='block_1_7' title="bbox 190 2533 1424 3292">
    <p class='ocr_par' dir='ltr' id='par_1_9' title="bbox 191 2533 1313 2734">
     <span class='ocr_line' id='line_1_19' title="bbox 191 2533 1313 2618; baseline 0.002 -20"><span class='ocrx_word' id='word_1_137' title='bbox 191 2539 457 2617; x_wconf 83' lang='lat' dir='ltr'>compensant:</span> <span class='ocrx_word' id='word_1_138' title='bbox 490 2553 574 2599; x_wconf 80' lang='lat' dir='ltr'>num</span> <span class='ocrx_word' id='word_1_139' title='bbox 602 2534 637 2599; x_wconf 92' lang='lat' dir='ltr'>id</span> <span class='ocrx_word' id='word_1_140' title='bbox 665 2535 759 2618; x_wconf 83' lang='lat' dir='ltr'>quod</span> <span class='ocrx_word' id='word_1_141' title='bbox 789 2553 892 2600; x_wconf 84' lang='lat' dir='ltr'>mens</span> <span class='ocrx_word' id='word_1_142' title='bbox 924 2533 1074 2618; x_wconf 80' lang='lat' dir='ltr'>requirit</span> <span class='ocrx_word' id='word_1_143' title='bbox 1103 2551 1188 2600; x_wconf 87' lang='lat' dir='ltr'>cum</span> <span class='ocrx_word' id='word_1_144' title='bbox 1221 2535 1313 2600; x_wconf 85' lang='lat' dir='ltr'>artis</span> 
     </span>
     <span class='ocr_line' id='line_1_20' title="bbox 192 2648 996 2734; baseline 0 -21"><span class='ocrx_word' id='word_1_145' title='bbox 192 2648 349 2732; x_wconf 79' lang='lat' dir='ltr'>poeticae</span> <span class='ocrx_word' id='word_1_146' title='bbox 370 2649 509 2734; x_wconf 83' lang='lat' dir='ltr'>legibus</span> <span class='ocrx_word' id='word_1_147' title='bbox 527 2649 584 2715; x_wconf 90' lang='lat' dir='ltr'>hic</span> <span class='ocrx_word' id='word_1_148' title='bbox 604 2649 738 2733; x_wconf 84' lang='lat' dir='ltr'>optime</span> <span class='ocrx_word' id='word_1_149' title='bbox 751 2649 996 2734; x_wconf 82' lang='lat' dir='ltr'>cunjungitur.</span> 
     </span>
    </p>

    <p class='ocr_par' dir='ltr' id='par_1_10' title="bbox 190 2763 1424 3292">
     <span class='ocr_line' id='line_1_21' title="bbox 236 2763 1313 2849; baseline 0.002 -21"><span class='ocrx_word' id='word_1_150' title='bbox 236 2765 348 2849; x_wconf 85' lang='lat' dir='ltr'>Igitur</span> <span class='ocrx_word' id='word_1_151' title='bbox 368 2765 397 2830; x_wconf 85' lang='lat' dir='ltr'>si</span> <span class='ocrx_word' id='word_1_152' title='bbox 419 2765 461 2830; x_wconf 89' lang='lat' dir='ltr'>de</span> <span class='ocrx_word' id='word_1_153' title='bbox 481 2765 682 2830; x_wconf 75' lang='lat' dir='ltr'>elocutione</span> <span class='ocrx_word' id='word_1_154' title='bbox 707 2771 768 2831; x_wconf 82' lang='lat' dir='ltr'>uui.</span> <span class='ocrx_word' id='word_1_155' title='bbox 788 2765 831 2830; x_wconf 90' lang='lat' dir='ltr'>de</span> <span class='ocrx_word' id='word_1_156' title='bbox 852 2763 1114 2830; x_wconf 84' lang='lat' dir='ltr'>versificatione</span> <span class='ocrx_word' id='word_1_157' title='bbox 1141 2763 1313 2830; x_wconf 80' lang='lat' dir='ltr'>animad-</span> 
     </span>
     <span class='ocr_line' id='line_1_22' title="bbox 192 2879 1313 2964; baseline 0.001 -19"><span class='ocrx_word' id='word_1_158' title='bbox 192 2880 376 2947; x_wconf 88' lang='lat' dir='ltr'>versiones</span> <span class='ocrx_word' id='word_1_159' title='bbox 393 2881 647 2964; x_wconf 75' lang='lat' dir='ltr'>spectabimuS,</span> <span class='ocrx_word' id='word_1_160' title='bbox 672 2879 907 2946; x_wconf 87' lang='lat' dir='ltr'>Guilielmum</span> <span class='ocrx_word' id='word_1_161' title='bbox 928 2898 1001 2945; x_wconf 88' lang='lat' dir='ltr'>nun</span> <span class='ocrx_word' id='word_1_162' title='bbox 1021 2885 1163 2946; x_wconf 84' lang='lat' dir='ltr'>tantum</span> <span class='ocrx_word' id='word_1_163' title='bbox 1185 2879 1313 2946; x_wconf 91' lang='lat' dir='ltr'>erudi-</span> 
     </span>
     <span class='ocr_line' id='line_1_23' title="bbox 191 2975 1424 3079; baseline 0.002 -19"><span class='ocrx_word' id='word_1_164' title='bbox 191 2994 374 3060; x_wconf 87' lang='lat' dir='ltr'>tissimum</span> <span class='ocrx_word' id='word_1_165' title='bbox 402 2996 519 3079; x_wconf 82' lang='lat' dir='ltr'>poesis</span> <span class='ocrx_word' id='word_1_166' title='bbox 541 2995 730 3078; x_wconf 75' lang='lat' dir='ltr'>disciplina</span> <span class='ocrx_word' id='word_1_167' title='bbox 758 2995 879 3074; x_wconf 79' lang='lat' dir='ltr'>tuisse,</span> <span class='ocrx_word' id='word_1_168' title='bbox 903 2995 965 3061; x_wconf 86' lang='lat' dir='ltr'>sed</span> <span class='ocrx_word' id='word_1_169' title='bbox 992 2995 1100 3062; x_wconf 80' lang='lat' dir='ltr'>etiam</span> <span class='ocrx_word' id='word_1_170' title='bbox 1128 2999 1313 3079; x_wconf 85' lang='lat' dir='ltr'>quatenus</span> <span class='ocrx_word' id='word_1_171' title='bbox 1422 2975 1424 3002; x_wconf 70' lang='lat'>²</span> 
     </span>
     <span class='ocr_line' id='line_1_24' title="bbox 191 3110 1424 3198; baseline 0.001 -23"><span class='ocrx_word' id='word_1_172' title='bbox 191 3116 379 3195; x_wconf 82' lang='lat' dir='ltr'>praecepta</span> <span class='ocrx_word' id='word_1_173' title='bbox 396 3111 573 3177; x_wconf 79' lang='lat' dir='ltr'>servanda</span> <span class='ocrx_word' id='word_1_174' title='bbox 594 3116 714 3176; x_wconf 87' lang='lat' dir='ltr'>essent</span> <span class='ocrx_word' id='word_1_175' title='bbox 735 3111 933 3194; x_wconf 84' lang='lat' dir='ltr'>sapientius</span> <span class='ocrx_word' id='word_1_176' title='bbox 953 3110 1161 3176; x_wconf 84' lang='lat' dir='ltr'>definivisse</span> <span class='ocrx_word' id='word_1_177' title='bbox 1182 3111 1312 3177; x_wconf 86' lang='lat' dir='ltr'>existi·</span> <span class='ocrx_word' id='word_1_178' title='bbox 1422 3189 1424 3198; x_wconf 33' lang='grc' dir='ltr'>Ι</span> 
     </span>
     <span class='ocr_line' id='line_1_25' title="bbox 190 3227 383 3292; baseline -0.01 0"><span class='ocrx_word' id='word_1_179' title='bbox 190 3227 383 3292; x_wconf 64' lang='lat' dir='ltr'>mmmm.</span> 
     </span>
    </p>
   </div>
   <div class='ocr_carea' id='block_1_8' title="bbox 225 3421 452 3490">
    <p class='ocr_par' dir='ltr' id='par_1_11' title="bbox 225 3421 452 3490">
     <span class='ocr_line' id='line_1_26' title="bbox 225 3421 452 3490; baseline 0 -16"><span class='ocrx_word' id='word_1_180' title='bbox 225 3421 251 3474; x_wconf 91' lang='lat'>1.</span> <span class='ocrx_word' id='word_1_181' title='bbox 273 3422 310 3474; x_wconf 84' lang='lat' dir='ltr'>v.</span> <span class='ocrx_word' id='word_1_182' title='bbox 326 3422 347 3486; x_wconf 86' lang='lat' dir='ltr'>r,</span> <span class='ocrx_word' id='word_1_183' title='bbox 363 3437 390 3490; x_wconf 85' lang='lat' dir='ltr'>p.</span> <span class='ocrx_word' id='word_1_184' title='bbox 407 3421 452 3474; x_wconf 77' lang='lat'>24.</span> 
     </span>
    </p>
   </div>
   <div class='ocr_carea' id='block_1_9' title="bbox 163 3529 1310 4194">
    <p class='ocr_par' dir='ltr' id='par_1_12' title="bbox 163 3529 1310 4194">
     <span class='ocr_line' id='line_1_27' title="bbox 225 3529 1310 3598; baseline -0.003 -12"><span class='ocrx_word' id='word_1_185' title='bbox 225 3532 252 3586; x_wconf 79' lang='lat'>2.</span> <span class='ocrx_word' id='word_1_186' title='bbox 275 3547 288 3584; x_wconf 78' lang='lat' dir='ltr'>(r</span> <span class='ocrx_word' id='word_1_187' title='bbox 311 3532 388 3586; x_wconf 87' lang='lat' dir='ltr'>illud</span> <span class='ocrx_word' id='word_1_188' title='bbox 411 3531 540 3585; x_wconf 79' lang='lat' dir='ltr'>dicimus</span> <span class='ocrx_word' id='word_1_189' title='bbox 565 3548 602 3584; x_wconf 93' lang='lat' dir='ltr'>ne</span> <span class='ocrx_word' id='word_1_190' title='bbox 625 3532 696 3584; x_wconf 83' lang='lat' dir='ltr'>haec</span> <span class='ocrx_word' id='word_1_191' title='bbox 719 3530 855 3584; x_wconf 81' lang='lat' dir='ltr'>doctrina</span> <span class='ocrx_word' id='word_1_192' title='bbox 880 3529 971 3583; x_wconf 85' lang='lat' dir='ltr'>nimis</span> <span class='ocrx_word' id='word_1_193' title='bbox 992 3529 1066 3584; x_wconf 85' lang='lat' dir='ltr'>artis</span> <span class='ocrx_word' id='word_1_194' title='bbox 1088 3529 1197 3583; x_wconf 82' lang='lat' dir='ltr'>finibus</span> <span class='ocrx_word' id='word_1_195' title='bbox 1223 3529 1310 3598; x_wconf 78' lang='lat' dir='ltr'>quusi</span> 
     </span>
     <span class='ocr_line' id='line_1_28' title="bbox 190 3613 1308 3683; baseline -0.002 -13"><span class='ocrx_word' id='word_1_196' title='bbox 190 3617 403 3682; x_wconf 74' lang='lat' dir='ltr'>circumdetur,</span> <span class='ocrx_word' id='word_1_197' title='bbox 418 3633 493 3670; x_wconf 87' lang='lat' dir='ltr'>neve</span> <span class='ocrx_word' id='word_1_198' title='bbox 506 3617 542 3670; x_wconf 89' lang='lat' dir='ltr'>ob</span> <span class='ocrx_word' id='word_1_199' title='bbox 556 3615 687 3683; x_wconf 81' lang='lat' dir='ltr'>ejusdem</span> <span class='ocrx_word' id='word_1_200' title='bbox 702 3615 774 3669; x_wconf 82' lang='lat' dir='ltr'>artis</span> <span class='ocrx_word' id='word_1_201' title='bbox 790 3613 942 3683; x_wconf 78' lang='lat' dir='ltr'>angustias</span> <span class='ocrx_word' id='word_1_202' title='bbox 958 3613 1085 3677; x_wconf 83' lang='lat' dir='ltr'>(seilicet</span> <span class='ocrx_word' id='word_1_203' title='bbox 1100 3631 1106 3668; x_wconf 92' lang='lat'>:</span> <span class='ocrx_word' id='word_1_204' title='bbox 1127 3614 1164 3668; x_wconf 89' lang='lat' dir='ltr'>ob</span> <span class='ocrx_word' id='word_1_205' title='bbox 1181 3613 1308 3668; x_wconf 81' lang='lat' dir='ltr'>nimiam</span> 
     </span>
     <span class='ocr_line' id='line_1_29' title="bbox 190 3697 1310 3772; baseline -0.006 -16"><span class='ocrx_word' id='word_1_206' title='bbox 190 3706 414 3772; x_wconf 81' lang='lat' dir='ltr'>praeceptorum</span> <span class='ocrx_word' id='word_1_207' title='bbox 429 3700 631 3762; x_wconf 78' lang='lat' dir='ltr'>severitatem)</span> <span class='ocrx_word' id='word_1_208' title='bbox 648 3701 744 3753; x_wconf 82' lang='lat' dir='ltr'>multu</span> <span class='ocrx_word' id='word_1_209' title='bbox 758 3699 833 3753; x_wconf 87' lang='lat' dir='ltr'>bene</span> <span class='ocrx_word' id='word_1_210' title='bbox 846 3699 926 3752; x_wconf 83' lang='lat' dir='ltr'>dicta</span> <span class='ocrx_word' id='word_1_211' title='bbox 942 3703 1096 3767; x_wconf 84' lang='lat' dir='ltr'>pereunt...</span> <span class='ocrx_word' id='word_1_212' title='bbox 1113 3699 1198 3752; x_wconf 82' lang='lat' dir='ltr'>Num</span> <span class='ocrx_word' id='word_1_213' title='bbox 1214 3697 1310 3751; x_wconf 79' lang='lat' dir='ltr'>nicilu-</span> 
     </span>
     <span class='ocr_line' id='line_1_30' title="bbox 191 3779 1307 3854; baseline -0.005 -14"><span class='ocrx_word' id='word_1_214' title='bbox 191 3803 371 3840; x_wconf 71' lang='lat' dir='ltr'>massonum</span> <span class='ocrx_word' id='word_1_215' title='bbox 382 3783 543 3838; x_wconf 77' lang='lat' dir='ltr'>subdurum</span> <span class='ocrx_word' id='word_1_216' title='bbox 557 3799 619 3837; x_wconf 83' lang='lat' dir='ltr'>esse</span> <span class='ocrx_word' id='word_1_217' title='bbox 630 3801 717 3853; x_wconf 67' lang='lat' dir='ltr'>quemi</span> <span class='ocrx_word' id='word_1_218' title='bbox 732 3784 836 3837; x_wconf 80' lang='lat' dir='ltr'>bonnm</span> <span class='ocrx_word' id='word_1_219' title='bbox 850 3779 1028 3836; x_wconf 80' lang='lat' dir='ltr'>sententium.</span> <span class='ocrx_word' id='word_1_220' title='bbox 1039 3779 1148 3854; x_wconf 81' lang='lat' dir='ltr'>perire.</span> <span class='ocrx_word' id='word_1_221' title='bbox 1164 3783 1307 3836; x_wconf 81' lang='lat' dir='ltr'>Attamen</span> 
     </span>
     <span class='ocr_line' id='line_1_31' title="bbox 163 3864 1306 3940; baseline -0.004 -15"><span class='ocrx_word' id='word_1_222' title='bbox 163 3882 168 3886; x_wconf 72' lang='grc'><strong>’</strong></span> <span class='ocrx_word' id='word_1_223' title='bbox 190 3871 240 3940; x_wconf 91' lang='lat' dir='ltr'>qui</span> <span class='ocrx_word' id='word_1_224' title='bbox 263 3876 424 3939; x_wconf 87' lang='lat' dir='ltr'>utrumque</span> <span class='ocrx_word' id='word_1_225' title='bbox 447 3886 565 3923; x_wconf 82' lang='lat' dir='ltr'>servare</span> <span class='ocrx_word' id='word_1_226' title='bbox 586 3872 692 3937; x_wconf 76' lang='lat' dir='ltr'>potest,</span> <span class='ocrx_word' id='word_1_227' title='bbox 714 3867 739 3921; x_wconf 87' lang='lat' dir='ltr'>is</span> <span class='ocrx_word' id='word_1_228' title='bbox 766 3867 891 3921; x_wconf 85' lang='lat' dir='ltr'>nitidius</span> <span class='ocrx_word' id='word_1_229' title='bbox 913 3881 985 3934; x_wconf 81' lang='lat' dir='ltr'>opus</span> <span class='ocrx_word' id='word_1_230' title='bbox 1006 3865 1088 3919; x_wconf 83' lang='lat' dir='ltr'>fucit.</span> <span class='ocrx_word' id='word_1_231' title='bbox 1107 3880 1121 3917; x_wconf 86' lang='lat' dir='ltr'>u</span> <span class='ocrx_word' id='word_1_232' title='bbox 1142 3867 1176 3930; x_wconf 84' lang='grc' dir='ltr'>(Ι,</span> <span class='ocrx_word' id='word_1_233' title='bbox 1200 3881 1229 3934; x_wconf 87' lang='lat' dir='ltr'>p.</span> <span class='ocrx_word' id='word_1_234' title='bbox 1250 3864 1306 3928; x_wconf 81' lang='lat'>28).</span> 
     </span>
     <span class='ocr_line' id='line_1_32' title="bbox 190 3949 1306 4020; baseline -0.007 -10"><span class='ocrx_word' id='word_1_235' title='bbox 190 3955 300 4011; x_wconf 88' lang='lat' dir='ltr'>Eodem</span> <span class='ocrx_word' id='word_1_236' title='bbox 318 3957 380 4008; x_wconf 86' lang='lat' dir='ltr'>locu</span> <span class='ocrx_word' id='word_1_237' title='bbox 396 3954 498 4008; x_wconf 85' lang='lat' dir='ltr'>omniu</span> <span class='ocrx_word' id='word_1_238' title='bbox 513 3953 596 4006; x_wconf 82' lang='lat' dir='ltr'>illius</span> <span class='ocrx_word' id='word_1_239' title='bbox 618 3952 697 4005; x_wconf 85' lang='lat' dir='ltr'>modi</span> <span class='ocrx_word' id='word_1_240' title='bbox 718 3956 839 4020; x_wconf 74' lang='lat' dir='ltr'>peccatu</span> <span class='ocrx_word' id='word_1_241' title='bbox 854 3949 1075 4004; x_wconf 81' lang='lat' dir='ltr'>excusationem</span> <span class='ocrx_word' id='word_1_242' title='bbox 1093 3949 1201 4004; x_wconf 80' lang='lat' dir='ltr'>habere</span> <span class='ocrx_word' id='word_1_243' title='bbox 1220 3949 1306 4014; x_wconf 79' lang='lat' dir='ltr'>dicit,</span> 
     </span>
     <span class='ocr_line' id='line_1_33' title="bbox 189 4032 1306 4106; baseline -0.008 -12"><span class='ocrx_word' id='word_1_244' title='bbox 189 4039 260 4094; x_wconf 90' lang='lat' dir='ltr'>dum</span> <span class='ocrx_word' id='word_1_245' title='bbox 281 4039 318 4094; x_wconf 83' lang='lat' dir='ltr'>ud</span> <span class='ocrx_word' id='word_1_246' title='bbox 340 4038 484 4093; x_wconf 80' lang='lat' dir='ltr'>orationis</span> <span class='ocrx_word' id='word_1_247' title='bbox 507 4039 636 4106; x_wconf 85' lang='lat' dir='ltr'>leporem</span> <span class='ocrx_word' id='word_1_248' title='bbox 660 4035 840 4090; x_wconf 82' lang='lat' dir='ltr'>servandum</span> <span class='ocrx_word' id='word_1_249' title='bbox 863 4033 1074 4088; x_wconf 80' lang='lat' dir='ltr'>admittuntur.</span> <span class='ocrx_word' id='word_1_250' title='bbox 1098 4033 1189 4097; x_wconf 80' lang='lat' dir='ltr'>Nam,</span> <span class='ocrx_word' id='word_1_251' title='bbox 1205 4037 1239 4087; x_wconf 85' lang='lat' dir='ltr'>ut</span> <span class='ocrx_word' id='word_1_252' title='bbox 1253 4032 1306 4097; x_wconf 82' lang='lat' dir='ltr'>ait,</span> 
     </span>
     <span class='ocr_line' id='line_1_34' title="bbox 191 4116 1308 4194; baseline -0.007 -18"><span class='ocrx_word' id='word_1_253' title='bbox 191 4123 339 4194; x_wconf 67' lang='lat' dir='ltr'>«fluctus</span> <span class='ocrx_word' id='word_1_254' title='bbox 356 4121 462 4177; x_wconf 70' lang='lat' dir='ltr'>cortici</span> <span class='ocrx_word' id='word_1_255' title='bbox 476 4119 700 4194; x_wconf 75' lang='lat' dir='ltr'>anteponendus</span> <span class='ocrx_word' id='word_1_256' title='bbox 716 4123 767 4174; x_wconf 79' lang='lat' dir='ltr'>est.</span> <span class='ocrx_word' id='word_1_257' title='bbox 786 4134 800 4170; x_wconf 87' lang='lat' dir='ltr'>u</span> <span class='ocrx_word' id='word_1_258' title='bbox 823 4133 837 4171; x_wconf 82' lang='lat' dir='ltr'>c</span> <span class='ocrx_word' id='word_1_259' title='bbox 852 4117 933 4183; x_wconf 80' lang='lat' dir='ltr'>Quar</span> <span class='ocrx_word' id='word_1_260' title='bbox 946 4133 1016 4190; x_wconf 78' lang='lat' dir='ltr'>may</span> <span class='ocrx_word' id='word_1_261' title='bbox 1030 4116 1086 4176; x_wconf 89' lang='lat' dir='ltr'>deu</span> <span class='ocrx_word' id='word_1_262' title='bbox 1101 4117 1170 4169; x_wconf 88' lang='lat' dir='ltr'>hom</span> <span class='ocrx_word' id='word_1_263' title='bbox 1186 4117 1267 4176; x_wconf 82' lang='lat' dir='ltr'>voler</span> <span class='ocrx_word' id='word_1_264' title='bbox 1280 4116 1308 4173; x_wconf 87' lang='lat' dir='ltr'>lo</span> 
     </span>
    </p>
   </div>
   <div class='ocr_carea' id='block_1_10' title="bbox 188 4204 667 4282">
    <p class='ocr_par' dir='ltr' id='par_1_13' title="bbox 188 4204 667 4282">
     <span class='ocr_line' id='line_1_35' title="bbox 188 4204 667 4282; baseline -0.004 -20"><span class='ocrx_word' id='word_1_265' title='bbox 188 4209 255 4280; x_wconf 79' lang='lat' dir='ltr'>frug</span> <span class='ocrx_word' id='word_1_266' title='bbox 268 4225 323 4282; x_wconf 90' lang='lat' dir='ltr'>que</span> <span class='ocrx_word' id='word_1_267' title='bbox 340 4209 484 4262; x_wconf 78' lang='lat' dir='ltr'>l&#39;esccrsa.</span> <span class='ocrx_word' id='word_1_268' title='bbox 503 4221 517 4258; x_wconf 90' lang='lat' dir='ltr'>u</span> <span class='ocrx_word' id='word_1_269' title='bbox 539 4207 560 4271; x_wconf 83' lang='lat'>1,</span> <span class='ocrx_word' id='word_1_270' title='bbox 577 4222 605 4279; x_wconf 94' lang='lat' dir='ltr'>p.</span> <span class='ocrx_word' id='word_1_271' title='bbox 623 4204 667 4260; x_wconf 84' lang='lat'>30.</span> 
     </span>
    </p>
   </div>
   <div class='ocr_carea' id='block_1_11' title="bbox 0 0 1434 4952">
    <p class='ocr_par' dir='ltr' id='par_1_14' title="bbox 0 0 1434 4952">
     <span class='ocr_line' id='line_1_36' title="bbox 0 0 1434 4952; baseline 0 0"><span class='ocrx_word' id='word_1_272' title='bbox 0 0 1434 4952; x_wconf 95' lang='lat' dir='ltr'> </span> 
     </span>
    </p>
   </div>
  </div>
 </body>
</html>
