2860 4952
190 877 221 945 3.
249 878 324 959 Qua
349 880 553 965 exponendi
579 879 715 946 ratione
740 877 956 944 Guillelmus
981 877 1057 961 ipse

306 996 343 1062 in
370 1014 385 1058 u
408 993 548 1080 lapibus
573 992 707 1062 Amoris
729 1016 744 1059 u
771 1013 860 1061 usus
885 994 942 1060 sil.

115 1242 200 1312 Cum
220 1245 365 1332 longius
386 1246 432 1313 sit
452 1263 543 1330 opus
564 1244 745 1312 Gnillelmi
767 1242 957 1322 Molinarii,
980 1261 1039 1308 ars
1060 1259 1182 1308 rerum

75 1361 365 1444 exponendarum
386 1361 423 1428 in
444 1362 512 1428 hoe
532 1361 755 1428 aestimanda
775 1359 939 1436 videtur;
963 1357 1025 1424 sed
1045 1356 1080 1422 id
1100 1357 1183 1423 bre-

1 1480 5 1488 ’
74 1474 159 1541 viler
174 1476 369 1544 iaciemus:
393 1495 478 1543 nam
499 1477 585 1561 quid
606 1477 642 1542 in
663 1475 845 1541 Guillelmi
866 1473 1127 1558 compositione
1148 1477 1182 1538 et

73 1591 225 1658 oratione
240 1593 455 1678 reprehendi
470 1593 582 1677 possit
598 1592 831 1658 manifestum
848 1596 912 1656 est.

114 1705 203 1773 Vitia
222 1691 320 1774 enim
342 1713 376 1774 et
397 1708 433 1774 in
458 1707 719 1791 eonipositione
735 1711 769 1772 et
789 1706 826 1772 in
846 1705 1007 1772 oratione
1027 1703 1183 1770 notanda

73 1827 163 1888 sunt.

114 1938 154 2004 Ut
182 1944 324 2006 lantum
359 1940 402 2005 de
437 1939 640 2024 praeeipuis
672 1938 876 2021 loquamur,
907 1936 942 2002 id
972 1935 1183 2020 praesertim

74 2055 182 2120 taedio
210 2061 263 2122 est
291 2055 506 2140 legentibus,
530 2053 765 2119 Guillelmum
794 2051 1048 2136 partitionibus
1075 2051 1184 2116 nimis

73 2169 268 2256 indulgere.
292 2170 365 2236 Etsi
385 2170 484 2236 enim
501 2189 558 2235 res
574 2187 700 2234 omnes
717 2168 754 2233 in
768 2167 945 2252 plurimas
961 2173 1080 2252 partes
1096 2166 1185 2232 divi-

73 2285 184 2352 dendo
207 2286 289 2352 illas
309 2285 444 2353 elarius
468 2285 639 2370 explicari
661 2290 773 2369 putat,
793 2284 937 2349 easdem
954 2301 992 2349 re
1015 2301 1185 2367 persaepe

72 2398 254 2484 implicare
286 2402 440 2477 videtur,
473 2401 560 2467 dnm
590 2401 625 2466 id
659 2405 800 2465 tantum
833 2399 939 2466 ellieit
972 2404 1011 2465 ut
1044 2399 1185 2464 animos

72 2513 243 2582 distrahat
260 2517 438 2582 minutius
455 2515 671 2582 sententiam
686 2515 788 2598 quasi
802 2514 1035 2580 concidendo.
1054 2513 1102 2581 De
1118 2514 1187 2579 hoo

73 2630 171 2712 plura
192 2632 345 2698 dicenda
366 2649 440 2698 non
456 2631 721 2707 existimamus
741 2629 824 2714 quia
844 2629 917 2715 jam
934 2648 977 2695 ex
998 2628 1185 2694 nonnullis

31 2801 33 2808 .
72 2743 154 2813 loois
170 2765 281 2831 supra
300 2747 463 2832 allegatis
479 2766 537 2813 res
553 2746 712 2830 intellegi
726 2745 871 2829 potuit¹.

3 2862 6 2873 '
112 2861 165 2928 Nil
193 2859 330 2928 mirum
358 2861 518 2947 protento
546 2862 587 2938 si,
618 2879 701 2926 euni
723 2860 790 2926 ista
817 2859 1019 2944 exponendi
1048 2859 1186 2926 ratione

71 2981 201 3054 utatur,
222 2995 490 3061 nonnunquam
516 2995 573 3060 res
594 2975 740 3042 inutiles
760 2975 872 3041 alleri.
898 2973 956 3041 Sin
975 2974 1113 3041 nullius
1133 2980 1185 3040 est

2 3143 7 3155 ,
71 3093 244 3159 momenti
262 3093 381 3159 varios
398 3110 527 3158 sensus
548 3091 647 3159 verbi
663 3089 757 3175 reqir
776 3090 919 3167 reterre,
938 3109 1023 3156 eum
1044 3090 1088 3155 ad
1109 3108 1185 3156 rem

71 3211 208 3274 tantum
224 3227 296 3274 una
313 3207 528 3292 significatio
545 3207 749 3291 pertineat².

111 3321 184 3401 Qua
207 3325 250 3389 de
275 3341 384 3390 eausa
410 3322 449 3388 fit
477 3341 582 3407 saepe
607 3328 645 3388 ut
673 3341 729 3388 res
754 3322 827 3406 jam
854 3320 982 3387 allatae
1008 3321 1141 3388 iterum
1166 3341 1186 3388 a

71 3436 261 3506 Guillelmo
293 3439 490 3505 dieantur:
521 3437 568 3502 ita
601 3438 726 3503 eadem
756 3437 793 3502 in
827 3436 1005 3522 principio
1039 3437 1186 3521 quintae

72 3555 186 3637 operis
203 3554 317 3638 partis
333 3559 366 3619 el
383 3553 420 3618 in
437 3552 615 3637 principio
635 3552 772 3636 primae
793 3552 904 3637 partis
921 3552 1183 3637 reperiuntur³.

1 3718 5 3724 .
112 3668 146 3734 Si
163 3669 366 3736 orationem
388 3667 643 3752 spectabimus,
668 3667 827 3751 primum
848 3667 953 3732 istam
976 3668 1186 3735 redundan-

102 3889 126 3943 1.
148 3889 295 3960 Exemplo
310 3888 350 3942 sit
365 3891 454 3957 eaput
470 3887 501 3941 in
517 3903 573 3956 quo
589 3885 769 3941 Molinarius
792 3886 899 3958 quibus
919 3887 955 3943 de
976 3887 1073 3943 causis
1090 3888 1186 3960 poesis

69 3969 191 4029 inventa
203 3973 244 4028 sit
259 3972 382 4042 exponit
397 3989 403 4038 ;
425 3973 463 4025 ef.
481 3987 579 4040 snpra,
596 3987 625 4040 p.
642 3970 686 4025 67.

102 4083 126 4138 2.
147 4085 185 4139 V.
203 4086 241 4149 ΙΙ,
258 4100 287 4153 p.
304 4082 320 4137 6
335 4087 364 4137 et
380 4081 406 4136 8.

102 4194 126 4250 3.
149 4193 195 4251 Cl.
211 4195 234 4261 Ι,
251 4210 280 4268 p.
299 4192 326 4259 2,
343 4196 372 4246 et
388 4191 439 4258 ΙΙΙ,
454 4207 482 4266 p.
499 4191 560 4272 360.
