2860 4952
561 361 737 430 ..73-

90 558 174 627 dat:
198 558 359 628 emuttis
379 557 756 627 animadversionibus
774 558 894 644 colligi
914 562 1030 644 potest
1050 558 1149 626 hunc
1164 557 1208 626 de

11 741 16 746 ,
90 673 124 739 vi
139 672 319 758 cujusque
333 673 461 758 poetici
477 673 618 758 generis
635 673 778 758 propria
793 674 1006 742 meditatum
1026 692 1116 741 esse.

134 789 275 860 Etenim
296 790 435 858 multus
450 797 504 858 est
525 791 560 858 in
584 791 669 857 vitio
690 791 847 858 notando
863 791 959 876 quod
978 809 1120 876 semper
1136 791 1208 858 tere

91 905 129 970 in
149 906 260 972 medii
277 905 353 972 aevi
372 906 500 972 litteris
521 907 764 991 reprehendas
783 925 789 972 ε
812 907 984 974 orationis
1000 907 1209 974 redundan-

89 1020 176 1086 tiam
206 1021 392 1088 dicimus¹.
423 1020 469 1088 Eo
496 1022 612 1106 magis
638 1023 683 1088 ob
711 1023 780 1090 hoc
807 1021 1042 1088 Guillelmum
1069 1021 1208 1088 laudari

90 1137 202 1216 decet,
222 1137 319 1221 quod
335 1155 417 1204 raro
437 1136 584 1204 illorum
598 1143 803 1222 temporum
818 1138 1011 1223 scriptores
1025 1138 1119 1206 lianc
1132 1155 1208 1203 rem

10 1261 14 1278 ·
91 1257 324 1320 curaverunt.
356 1252 423 1320 Sed
452 1253 592 1320 utinam
618 1252 833 1320 Guillelmus
861 1254 937 1339 ipse
961 1254 1004 1320 de
1031 1254 1099 1320 hoc
1123 1253 1209 1318 vitio

91 1369 215 1434 minus
233 1369 407 1439 verbosus
424 1369 550 1436 luisset
567 1369 572 1436 t
596 1369 698 1436 Hunc
711 1370 808 1436 enim
823 1369 971 1436 meliora
987 1369 1130 1447 vidisse,
1147 1369 1209 1436 sed

91 1483 270 1553 deteriora
286 1489 451 1552 secutum
466 1490 560 1552 recte
577 1485 723 1552 dixeris.

135 1599 184 1668 De
199 1599 381 1669 contrario
402 1600 500 1679 vitio,
524 1600 559 1666 id
575 1606 628 1667 est
648 1601 691 1668 de
712 1584 823 1668 nimia
843 1601 1016 1668 brevitate
1036 1597 1210 1686 (brecczo)

1 1769 2 1772 ,
92 1715 188 1782 haud
209 1715 332 1781 minus
349 1715 530 1802 sapienter
551 1716 693 1782 locutus
713 1723 792 1782 est:
815 1735 912 1795 nam,
932 1721 1123 1801 postquam
1141 1717 1210 1782 hoo

92 1831 432 1915 reprehendendum
450 1831 541 1897 dixit
557 1831 588 1897 si
608 1832 863 1898 obscuritatem
885 1832 1056 1910 attulerit,
1079 1832 1209 1898 verbo-

91 1965 174 2012 rum
190 1946 451 2016 detractionem
467 1946 564 2012 addit
580 1947 724 2014 tolerari
742 1965 847 2032 posse
862 1947 891 2013 si
905 1948 949 2014 de
965 1966 1002 2014 re
1019 1947 1209 2014 notissima

91 2062 255 2146 quaestio
276 2062 352 2129 sit’.

135 2177 216 2245 Alia
229 2183 350 2245 autem
364 2179 407 2246 de
421 2179 582 2246 oratione
595 2183 628 2246 et
643 2178 808 2246 versibus
821 2179 1078 2246 convenienter
1091 2198 1210 2265 praes-

91 2293 205 2378 cripta
219 2294 362 2379 excerpi
377 2301 542 2380 possunt.
562 2292 775 2379 Quanquam
791 2294 888 2360 enim
903 2300 1044 2379 poetam
1061 2295 1211 2379 diligen-

91 2409 231 2476 tissime
258 2410 470 2496 disciplinae
498 2411 746 2495 obtemperare
774 2410 863 2486 vult,
896 2411 994 2475 hunc
1023 2410 1059 2475 in
1087 2410 1209 2494 legum

91 2526 278 2611 angustias
294 2543 367 2592 non
388 2545 531 2610 semper
546 2526 742 2610 compellit.
761 2525 830 2604 Sic,
849 2526 892 2592 de
905 2525 1074 2592 inanibus
1090 2525 1209 2592 verbis

92 2639 234 2726 (gallice
248 2638 416 2726 electiles)
431 2642 546 2708 multa
560 2641 649 2710 dixit
668 2660 674 2706 :
698 2642 808 2708 verbo
821 2659 923 2718 onor,
939 2641 1009 2708 nisi
1025 2660 1128 2708 mens
1142 2643 1210 2708 hoc

0 2753 1 2798 ³
91 2756 263 2842 requirat,
289 2757 500 2843 scriptorem
528 2757 578 2824 uti
605 2758 859 2842 vetal³2quae
879 2758 1145 2824 animadversio
1173 2758 1209 2823 in
1310 2763 1313 2766 ’

0 2905 1 2912 .
91 2873 294 2957 permultos
309 2873 442 2958 lyricos
455 2872 561 2940 cadit.
579 2872 645 2939 Sed
660 2873 784 2940 eodem
800 2873 878 2939 loco
892 2874 987 2939 haud
1004 2873 1209 2940 inconsulto
1301 2862 1305 2867 ’

91 2989 189 3055 addit
205 2988 421 3054 Guillelmus
438 2989 544 3074 longa
565 2995 741 3073 poemata,
765 3006 849 3054 cum
866 2989 910 3054 ad
931 2989 1053 3054 minus
1073 2995 1209 3055 certam

91 3105 270 3171 rationem
283 3111 561 3189 componantur,
579 3105 715 3190 majore
729 3105 871 3171 licentia
886 3105 922 3170 in
937 3105 1055 3172 verbis
1069 3110 1210 3171 struen-

0 3249 1 3262 .
91 3219 1208 3305 distruiposse:etsihacpotestateimmoderatiusutipoetam

0 3397 1 3426 ,
92 3353 164 3400 non
199 3336 310 3414 decet,
347 3334 523 3419 judicium
557 3334 814 3401 existimatoris
848 3335 1114 3404 animadversio
1147 3336 1208 3402 illa

91 3451 237 3518 indicat.

134 3675 234 3741 Idem
254 3674 431 3760 judicium
452 3674 489 3739 in
510 3674 697 3740 nonnullis
723 3673 922 3760 praeceptis
943 3692 1034 3758 quae
1055 3677 1140 3739 sunt
1164 3672 1208 3739 de

92 3791 259 3858 versibus
280 3789 462 3856 struendis
482 3789 696 3856 ostenditur.
719 3789 781 3867 Ita,
800 3808 883 3856 cum
905 3789 1099 3855 verborum
1119 3806 1208 3854 con-

125 3986 152 4039 1.
173 3985 217 4039 De
233 3985 287 4038 hoc
300 4001 329 4037 v.
347 3985 398 4050 ΙΙΙ,
415 3999 443 4053 p.
461 3982 605 4038 132-136:
627 3983 672 4036 Dr·
691 3982 873 4039 Verbositot.

124 4083 152 4137 2.
173 4082 211 4134 V.
227 4082 278 4147 ΙΙΙ,
295 4097 323 4150 p.
338 4080 400 4135 138.

126 4179 151 4236 3.
172 4179 211 4236 V.
228 4180 280 4246 ΙΙΙ,
297 4195 325 4251 p.
345 4177 407 4236 392.
