2860 4952
533 369 775 446 „ps

107 569 210 642 Multi
236 575 381 660 quidem
403 574 589 643 Australes
609 576 807 644 obscurum
832 593 946 660 genus
969 591 1179 662 assumpse-

65 697 146 758 runt
167 698 231 758 aut
250 698 344 760 certe
365 711 630 778 nonnunquam
650 693 763 760 secuti
784 698 892 772 sunt;
915 693 1039 777 paucis
1055 697 1177 758 tamen

65 808 149 874 locis
164 809 276 892 buius
291 809 433 894 generis
454 809 695 894 patrocinium
712 808 843 875 abillis
864 814 1075 894 susceptum
1092 807 1177 875 est¹.

66 925 216 1003 Etenim,
247 925 391 1010 dempta
419 925 577 1011 poeticae
606 925 847 992 contentionis
875 943 984 1010 snpra
1008 923 1181 1009 allegatae

66 1044 163 1124 parte
184 1059 296 1125 qnam
326 1039 547 1107 Rambaldus
574 1041 824 1107 Arauslcensis
852 1041 1007 1126 scripsit,
1038 1043 1180 1106 tantum

66 1157 158 1240 apud
179 1156 286 1222 illum
303 1162 446 1242 poetam
463 1156 522 1244 (ne
538 1157 690 1224 minoris
707 1157 881 1224 momenti
902 1157 1064 1224 locorum
1082 1173 1182 1222 men·

13 1313 15 1326 ›
66 1272 198 1339 tionem
217 1269 408 1356 iaciamus)
430 1274 491 1358 qui
508 1274 703 1340 obscurum
720 1291 835 1358 genus
851 1273 887 1338 ln
908 1271 1090 1358 praedicto
1105 1287 1183 1338 car-

13 1385 15 1434 ῗ
66 1388 161 1454 mine
189 1389 383 1474 improbat,
412 1389 448 1454 ld
478 1395 532 1456 est
563 1389 659 1474 apud
690 1387 884 1456 Geraldum
913 1387 1181 1456 Borneliensem

13 1485 15 1598 ἶ
66 1504 197 1588 ipsum,
223 1505 359 1589 aliquid
380 1521 445 1590 pro
465 1505 590 1571 eodem
611 1523 741 1589 genere
761 1505 978 1590 disputatur.
997 1501 1074 1584 Qui,
1096 1521 1179 1570 cnm

13 1643 15 1692 ς
68 1637 137 1686 non
151 1620 305 1687 scientia
321 1621 439 1686 solnm
456 1625 517 1687 aut
533 1625 608 1688 arte
624 1621 686 1686 sed
702 1620 825 1706 judicii
839 1620 947 1688 etiam
962 1619 1129 1688 acumine
1145 1637 1183 1687 se

13 1735 19 1758 ⁹
68 1735 218 1820 dignum
235 1736 442 1820 aequalium
464 1736 701 1802 admiratione
722 1741 930 1821 praestaret,
954 1753 1124 1822 persaepe
1140 1734 1183 1802 de

68 1850 202 1936 liquido
225 1851 405 1918 scribendi
429 1870 558 1936 genere
581 1856 642 1918 ant
662 1851 706 1918 de
725 1852 880 1918 obscuro
902 1852 939 1918 in
959 1851 1183 1918 carminibus

69 1965 250 2034 disseruit.
267 1967 462 2052 Postquam
478 1966 652 2034 Geraldus
667 1967 857 2042 obscurius
871 1985 985 2053 genus
998 1967 1184 2036 allectave-

70 2088 130 2161 rat,
160 2083 303 2164 deindc,
338 2088 477 2150 mutata
504 2083 653 2162 ratione,
687 2083 927 2150 inallectatam
959 2087 993 2149 et
1019 2083 1122 2168 qnasi
1146 2083 1184 2149 in

13 2247 15 2274 ,
70 2200 185 2267 medio
199 2199 356 2286 positam
377 2203 491 2266 artem
507 2199 670 2266 tentavit.

111 2313 254 2383 Etenim
281 2333 324 2382 ex
352 2315 466 2400 ipsius
494 2313 635 2382 Geraldi
663 2315 869 2382 testimonio
896 2315 995 2382 bunc
1024 2315 1184 2400 primum

73 2430 214 2498 obscuri
236 2431 377 2517 generis
393 2431 620 2498 defensorem
641 2430 751 2498 luisse
767 2431 947 2498 constat¹z
971 2449 1128 2518 namque
1147 2431 1185 2498 in

13 2571 15 2594 τ
71 2553 230 2615 extrema
244 2547 435 2634 cujusdam
451 2548 623 2614 carminis
640 2553 739 2633 parte
755 2549 803 2615 ait
819 2566 825 2612 :

307 2741 404 2801 Eoos
420 2743 626 2802 entendedors
641 2742 756 2820 ncjotz,

229 2821 236 2832 ’
410 2855 469 2912 que
483 2837 586 2894 sabata
599 2854 675 2893 naon
689 2835 844 2912 lenpaipc,

310 2946 414 3006 quora
429 2947 494 3005 que
509 2930 592 2988 fozes
606 2933 692 2988 motz
707 2933 840 3005 serrata,

310 3023 396 3080 s’cra
411 3022 455 3080 los
471 3021 506 3080 ai
521 3023 579 3081 ben
592 3022 772 3080 esclulratz.

309 3115 340 3173 E
355 3115 401 3173 soc'
416 3116 500 3173 na'cn
513 3116 582 3192 pets
596 3116 702 3193 prinas
718 3117 880 3192 esforsotz,

311 3199 527 3285 qu’eotendan
542 3209 635 3286 quola
649 3227 760 3267 censos
776 3210 830 3268 len
842 3209 909 3285 fntz
918 3215 938 3266 ³.

13 3471 16 3530 ζ
108 3455 132 3511 1.
152 3456 219 3514 Etsi
235 3456 387 3512 Arnaldns
406 3453 515 3512 Daniel
535 3457 567 3512 in
583 3457 744 3513 condendis
760 3455 895 3513 versibus
914 3454 1071 3513 obscurum
1095 3470 1186 3528 genus

13 3581 14 3606 ,
78 3546 189 3598 secutus
201 3545 244 3597 est
258 3545 286 3596 et
301 3541 380 3596 inter
391 3543 479 3612 hujus
495 3542 610 3612 generis
624 3545 752 3598 lautores
767 3543 943 3612 praecipuus
955 3543 1089 3609 habetur,
1104 3544 1189 3598 nulla

13 3637 15 3714 p
80 3626 224 3682 sententia
238 3643 274 3680 ex
289 3627 353 3696 ejus
368 3626 552 3682 carminibus
567 3627 685 3697 excerpi
701 3630 797 3697 potest
812 3644 886 3697 qnae
898 3627 936 3682 ad
951 3628 1029 3682 hanc
1044 3626 1187 3714 quaestio-

79 3725 140 3765 nem
156 3711 315 3782 pertineat.

110 3820 135 3876 2.
155 3821 317 3878 Kolsenins
343 3819 567 3878 accuratissime
594 3823 742 3878 recensuit
770 3839 872 3878 omnes
901 3824 961 3878 iere
986 3823 1063 3878 locos
1083 3821 1133 3891 qni
1156 3822 1188 3877 in

13 3903 15 3980 ξ
81 3902 197 3962 Geraldi
212 3906 396 3962 carminibus
414 3907 451 3962 ad
466 3907 621 3962 obscurum
639 3925 730 3977 genus
745 3907 876 3962 attinent
892 3905 940 3973 (V.
958 3925 1004 3980 op.
1022 3905 1116 3970 laud„
1138 3923 1188 3978 pp.

13 3983 14 4030 ἒ
81 3987 166 4058 41-45)
177 4009 184 4047 :
197 4009 244 4046 eos
252 3995 371 4046 tantum
380 3991 538 4048 afferemus
547 3992 598 4062 qui
608 3998 710 4063 poetae
720 3991 900 4047 sententiam
911 3991 1045 4046 indicare
1055 3996 1188 4062 possunt.

113 4099 136 4155 3.
157 4117 172 4155 n
192 4101 231 4158 Et
245 4117 297 4157 vos
312 4106 458 4169 amantes,
475 4100 526 4172 qui
547 4119 644 4158 meam
667 4102 787 4156 dicendi
810 4102 956 4157 rationem
979 4102 1117 4170 novistis
1134 4103 1190 4159 etsi

13 4263 14 4272 ἵ
82 4199 127 4253 ego
148 4187 296 4257 quondam
320 4187 477 4243 adstrictos
498 4202 601 4242 versus
625 4188 722 4243 iacere
743 4186 885 4255 solebam,
908 4203 1007 4244 nonne
1031 4189 1083 4244 hos
1108 4205 1189 4244 nnnc

1111 4299 1131 4362 2
