2860 4952
517 394 693 463 ..27-

11 655 13 664 2
60 592 270 662 affectatione
307 593 563 662 commendare
606 593 724 662 conati
767 593 850 660 sint.
889 591 1031 660 Falsum
1076 608 1162 660 vero

11 699 13 784 ζ
59 713 280 794 putaverunt,
314 726 398 776 oum
431 708 522 776 nihil
553 715 647 778 esset
680 728 745 778 cur
771 709 816 776 ad
847 708 954 776 istam
985 707 1162 776 lubricam

11 793 13 884 l
58 830 164 892 artem
183 825 430 912 coningerent.
453 824 542 892 Nam
563 825 776 910 scriptorem
796 843 836 892 ea
857 843 948 910 quae
968 825 1065 892 haud
1085 824 1163 892 sine

11 965 13 1028 j
57 941 208 1026 periculo
237 947 359 1028 aperte
390 941 554 1026 expromi
582 946 735 1026 possunt
761 941 863 1008 tectis
896 941 1014 1008 verbis
1045 941 1163 1008 dicere

11 1029 13 1102 ἶ
57 1056 157 1138 11331;
179 1058 241 1126 sed
261 1057 504 1126 Provinciales
524 1056 668 1144 lyricos,
693 1057 776 1142 quia
796 1055 877 1124 ficta
899 1057 954 1125 vel
975 1075 1163 1125 commen-

11 1115 14 1232 !
57 1172 133 1240 11313
152 1173 368 1259 plerumque
390 1173 642 1258 loquebantur,
669 1172 951 1258 simplicioribus
972 1173 1090 1240 verbis
1112 1173 1162 1240 uti

57 1288 178 1356 decuit.
197 1277 338 1356 Etenim
353 1288 506 1357 orationi
522 1287 779 1356 obscuritatem
795 1288 976 1355 allerendo
992 1287 1027 1354 id
1043 1287 1162 1355 solum

11 1473 12 1488 ἶ
57 1404 243 1475 elieceruut
273 1410 312 1472 ut
341 1405 539 1492 legentium
571 1404 713 1472 animos
745 1421 866 1470 rerum
897 1403 1018 1490 iuopia
1048 1403 1162 1490 magis

11 1535 14 1618 1
57 1519 406 1590 etiamoilenderent.

11 1619 14 1766 l
95 1635 258 1704 Ceterum
272 1637 370 1704 baud
383 1637 535 1704 dubium
553 1641 605 1703 est
620 1636 708 1720 quin
724 1636 918 1702 obscurum
940 1653 1055 1721 genus
1068 1637 1163 1722 apud

57 1751 290 1822 Provinciales
315 1759 461 1839 propter
480 1753 697 1840 exquisitius
724 1753 901 1838 judicium
928 1753 985 1819 bis
1012 1753 1161 1820 insitum

57 1870 263 1954 praesertim
284 1869 491 1937 invaluerit.
514 1867 664 1949 Quodsi
686 1887 756 1938 non
779 1869 916 1948 luisset,
940 1869 1029 1935 illud
1049 1887 1163 1954 genus

57 1985 258 2054 ineuntibus
274 1985 403 2053 litteris
418 1977 491 2052 n'on
511 1990 631 2053 ortum
648 1990 754 2053 esset.
771 1983 942 2065 Quamvis
963 1985 1162 2052 multorum

57 2103 269 2186 populorum
296 2106 421 2187 poetae
442 2101 693 2187 respiciantur,
717 2101 785 2167 boo
810 2101 852 2166 de
879 2099 1164 2168 provincialibus

57 2222 188 2286 tautum
202 2218 273 2286 dici
288 2223 415 2304 potest,
430 2223 545 2284 artem
557 2217 781 2284 subtiliorem
797 2217 841 2283 ab
855 2216 956 2282 initio
970 2235 1042 2284 non
1057 2217 1163 2284 modo

11 2317 14 2378 l
57 2333 93 2400 ab
112 2335 167 2402 his
181 2335 318 2402 cultam
334 2334 396 2402 sed
412 2334 520 2402 etiarn
536 2333 756 2418 disputatam
773 2332 895 2400 luisse.

93 2449 254 2536 Namque
270 2450 318 2529 bi,
338 2469 411 2541 non
425 2451 521 2535 quod
534 2449 627 2516 alius
643 2449 785 2534 generis
802 2449 962 2516 satietate
976 2448 1163 2518 afficeren-

11 2553 14 2668 ζ
57 2570 108 2631 tur
122 2571 183 2633 aut
196 2565 301 2633 aliter
314 2565 495 2633 scribendi
509 2570 623 2631 artem
639 2565 828 2650 concipere
841 2582 914 2630 non
931 2564 1102 2642 valerent,
1119 2565 1163 2631 ad

11 2685 13 2776 l
57 2681 246 2749 obscurum
273 2700 388 2767 genus
414 2700 451 2748 se
476 2685 743 2759 converterunt,
767 2680 829 2748 sed
850 2680 933 2764 quia
954 2699 991 2748 se
1015 2681 1162 2747 tlexibili

11 2819 16 2898 2.
56 2797 235 2864 adomnia
259 2798 393 2883 pariter
413 2797 558 2883 ingenio
579 2796 759 2882 praeditos
779 2815 857 2863 esse
878 2796 1065 2863 ostendere
1089 2795 1162 2881 iam

11 2971 13 3012 J
55 2916 126 2980 lum
146 2914 428 2982 delectabantur.
504 2980 508 2988 a

422 3228 453 3296 3.
481 3227 591 3338 Cujus
616 3227 790 3296 momenti

236 3345 281 3412 sit
306 3346 368 3412 illa
392 3345 435 3412 de
460 3346 613 3412 obscura
638 3343 736 3430 poesi
762 3343 969 3427 disputatio.

11 3333 13 3394 l

11 3531 13 3576 1

11 3605 14 3684 l

11 3583 12 3590 ἶ
94 3607 178 3676 Cum
195 3608 363 3676 nonnulli
381 3607 482 3693 lyrici
498 3607 541 3674 de
557 3607 711 3673 obscuro
730 3621 860 3691 genere
880 3605 1055 3689 quasdam
1076 3624 1161 3674 sen-

11 3697 13 3818 1
55 3725 175 3792 tentias
189 3725 350 3803 tulerint,
365 3742 475 3808 quam
489 3723 558 3789 late
572 3727 693 3789 manet
707 3721 766 3788 illa
781 3721 975 3804 disputatio
989 3727 1022 3788 et
1037 3722 1161 3806 quales

11 3837 13 3928 ξ
55 3835 86 3904 13
112 3841 321 3908 disserendo
350 3839 592 3907 Provinciales
622 3857 659 3906 se
690 3837 921 3923 praebuerint
950 3837 1158 3922 diligentius

11 3987 13 4042 3
55 3953 187 4024 dicendi
208 3955 349 4042 copiam
370 3956 559 4022 habemus.

94 4071 238 4138 Minime
251 4072 403 4138 dubium
418 4076 471 4138 est
485 4071 571 4155 quin
588 4071 678 4137 ratio
693 4089 762 4154 qua
779 4069 936 4154 poeticae
952 4069 1103 4136 orationi
1118 4071 1161 4138 de

11 4229 13 4272 t
56 4184 672 4260 131331313311333111333113113113
697 4184 996 4277 vituperationem
1026 4186 1157 4268 cadat3
1195 4229 1196 4232 π
