2860 4952
661 311 837 390 ..82-

193 521 289 607 quod
305 519 534 606 peculiariter
554 519 599 585 sit
614 519 658 586 de
678 517 806 586 litteris
826 518 1032 604 judicandis
1049 519 1217 586 videmus
1235 539 1244 598 ;
1271 523 1326 585 ne

193 636 348 704 technici
360 636 506 721 quidem
520 639 634 702 artem
648 633 880 701 existimandi
893 640 1040 720 propter
1053 654 1091 702 se
1103 636 1324 703 coluerunt.

193 749 284 831 Quid
298 752 378 830 boc,
397 752 438 829 si,
457 769 542 818 cum
558 749 656 816 aliud
672 768 776 835 agere
796 749 834 816 in
854 750 978 818 animo
993 751 1178 830 haberent,
1194 756 1327 818 rectas

193 867 390 936 sententias
415 867 578 934 tulerunt
597 869 631 932 et
656 865 881 950 probabilem
901 865 1133 951 disciplinam
1158 866 1328 952 professi

181 980 312 1050 ,sunt‘l
333 982 439 1049 Esto:
462 981 580 1048 rarius
601 981 646 1048 ob
673 981 808 1066 ingenii
833 999 988 1049 acumen
1014 982 1187 1049 laudandi
1208 983 1327 1050 nobis
1428 969 1429 1026 l

195 1097 263 1164 visi
288 1102 399 1175 sunt;
428 1096 490 1162 sed
518 1095 684 1162 nonnulli
710 1095 808 1162 baud
834 1095 1036 1164 disserendi
1059 1096 1250 1182 imperitos
1281 1115 1328 1164 se
1428 1083 1429 1122 r

195 1213 450 1298 praebuerunt,
473 1211 686 1296 praesertim
711 1210 741 1276 si
762 1215 925 1296 tempora
945 1211 1143 1298 respicias:
1167 1232 1255 1279 nam
1280 1213 1326 1278 in

195 1328 290 1397 tertii
306 1326 436 1394 decimi
450 1331 483 1394 et
498 1326 616 1412 quarti
630 1326 760 1393 decimi
777 1327 912 1394 saeculi
925 1327 1163 1412 scriptoribus
1177 1333 1325 1396 certam
1421 1316 1427 1324 ’

194 1449 228 1512 et
255 1443 359 1528 quasi
393 1447 574 1509 maturam
607 1441 841 1509 existimandi
873 1442 1082 1510 facultatem
1116 1444 1326 1512 desiderari
1427 1509 1429 1530 i

194 1559 413 1646 iniuriosum
429 1564 494 1626 est.
1426 1545 1429 1558 “

239 1675 364 1743 Nonne
378 1692 463 1742 vero
476 1674 569 1741 inter
582 1673 715 1758 lyricos
727 1672 903 1741 Geraldus
916 1673 1159 1742 Borneliensis
1173 1675 1212 1742 in
1225 1676 1324 1762 ipsis
1428 1703 1429 1772 j

195 1789 418 1859 carminibus
433 1806 697 1872 nonnunquam
711 1789 755 1856 de
769 1789 888 1873 poesis
902 1790 937 1856 vi
951 1791 1133 1876 sapienter
1146 1797 1180 1858 et
1195 1791 1324 1860 lucide
1428 1775 1429 1778 ¹

195 1902 399 1974 disseruit?
419 1903 554 1971 Indicio
572 1908 657 1970 sunt
678 1903 777 1971 illius
797 1905 960 1972 carmina
975 1906 1221 1974 Provinciales
1242 1907 1323 1992 jam
1427 1895 1429 1944 t

197 2027 275 2088 tum
302 2039 362 2088 eos
383 2019 540 2087 evasisse
561 2019 622 2103 qui
647 2018 815 2086 distincte
835 2019 923 2104 quid
945 2039 1004 2088 ars
1024 2021 1161 2090 valeret
1184 2027 1219 2090 et
1245 2040 1324 2108 quo

196 2137 285 2204 baec
300 2136 446 2203 tendere
464 2139 584 2220 posset
604 2134 866 2219 intellegerent.

241 2245 468 2318 Raimundus
479 2248 604 2315 Vitalis
616 2254 649 2315 et
663 2249 813 2316 liberius
824 2254 858 2317 et
872 2251 1005 2318 rectius
1018 2253 1062 2320 de
1075 2252 1322 2338 scriptoribus

196 2365 450 2443 existimasset,
474 2364 504 2431 si
525 2365 569 2430 ad
589 2365 683 2430 banc
703 2381 851 2450 operam
872 2370 989 2432 totum
1012 2384 1049 2434 se
1073 2369 1320 2437 contulisset:

197 2499 306 2560 nunc,
330 2498 415 2547 cum
431 2480 535 2566 quasi
550 2479 771 2564 praeteriens
791 2479 828 2546 id
847 2482 1050 2561 tentaverit,
1070 2483 1203 2568 quibus
1218 2485 1323 2552 exis*

196 2596 376 2662 timatoris
397 2595 553 2680 propriis
574 2593 769 2662 virtutibus
790 2595 866 2680 ipse
887 2597 1070 2682 praeditus
1092 2604 1187 2666 esset
1211 2601 1323 2668 nobis

197 2715 340 2778 tantum
354 2710 583 2794 conjecturae
597 2709 779 2776 faciendae
794 2711 935 2796 copiam
951 2711 1045 2780 fecit.

242 2827 402 2911 Denique
416 2843 479 2911 per
497 2828 594 2910 Lepos
606 2821 741 2890 amoris
757 2826 843 2910 quid
859 2827 1056 2896 novissime
1070 2829 1108 2895 in
1128 2833 1204 2897 arte
1219 2831 1323 2900 eris⁴

197 2942 351 3010 timandi
382 2941 565 3009 effecerint
596 2939 782 3008 Australes
814 2941 1005 3025 dijudicari
1036 2949 1187 3030 potest:
1220 2949 1324 3031 tepea

198 3058 295 3125 enim
317 3057 421 3143 quasi
437 3055 718 3124 provincialium
739 3056 941 3124 litterarum
962 3063 1223 3128 testamentum
1239 3080 1324 3132 esse

197 3173 345 3240 dixeris.

242 3289 353 3355 Multa
370 3288 515 3372 quidem
530 3287 568 3354 in
581 3285 764 3354 Guillelmi
777 3287 957 3355 Molinarii
970 3307 1077 3374 opere
1093 3293 1196 3377 parvi
1212 3295 1323 3380 pretii

197 3423 276 3473 esse
290 3402 447 3470 confessi
467 3421 607 3469 sumus.
625 3401 693 3469 Sed
714 3403 744 3468 si
764 3404 1022 3488 expeditiorem
1039 3407 1077 3473 in
1097 3408 1261 3478 oratione
1280 3429 1323 3480 se

197 3518 434 3605 praebuisset,
459 3517 574 3602 pluris
595 3516 754 3601 prolecto
774 3518 999 3604 diligentiam
1024 3521 1103 3606 ejus
1125 3528 1160 3590 et
1181 3524 1323 3597 doetri-

197 3653 282 3702 nam
299 3633 513 3700 faceremus.

242 3749 421 3827 Ceterum,
434 3747 464 3814 si
476 3744 720 3833 Lepestmort's
732 3766 817 3814 cum
829 3750 1010 3834 operibus
1022 3771 1114 3837 quae
1125 3755 1168 3822 de
1179 3757 1320 3844 eisdem

198 3866 307 3932 rebus
324 3885 342 3931 a
360 3861 709 3948 septentrionalibus
724 3869 806 3930 ante
826 3865 1028 3932 litterarum
1044 3845 1319 3946 renovationem

199 3981 293 4048 edita
314 3985 410 4057 sunt,
433 3977 682 4056 conferuntur,
705 3979 762 4044 his
785 3979 866 4046 illas
891 3981 996 4066 longe
1015 3990 1197 4067 praestare
1217 3989 1321 4058 affir-

176 4129 178 4136 ·
199 4096 291 4163 mari
308 4099 435 4180 potest.
455 4092 594 4159 Etenim
616 4093 653 4158 in
674 4090 814 4177 lapibus
832 4093 967 4160 tutoris
983 4114 1262 4186 nonnunquam,
1280 4105 1320 4172 in
