2860 4952
550 405 727 482 *19¹*-

358 609 443 670 Eras
455 609 519 670 sim
531 611 578 688 sos
594 629 615 668 a
627 615 700 688 prat
715 613 836 686 tenput,

577 704 733 781 preir’ieu
747 721 793 762 ses
809 701 879 779 plut

358 817 406 858 un
421 800 589 858 chantaret
602 799 693 876 prim
705 816 721 856 e
735 802 858 866 menet,

581 891 664 970 qu’el
678 909 755 950 mon
769 908 834 949 non
847 890 891 948 ha

359 987 468 1045 doctor
480 985 536 1064 qut
548 991 606 1044 tarr
619 985 710 1062 prim
724 985 761 1043 ni
771 1003 834 1062 pus
845 981 905 1061 pla

680 1078 709 1137 lo
722 1096 831 1156 prezes

478 1172 515 1230 ni
526 1170 634 1230 mieils
648 1169 771 1249 l’afines
786 1189 797 1244 ;

580 1284 596 1324 e
611 1265 667 1343 qui
680 1263 744 1344 sm)
757 1283 858 1325 crezes

580 1357 688 1417 c'aisci
702 1359 844 1429 chantes,

676 1449 798 1529 potira,

678 1543 802 1622 forbira

738 1657 816 1699 mon
835 1639 920 1699 chan
943 1707 947 1720 ι

679 1750 726 1793 cce
739 1731 826 1811 effare

799 1843 894 1905 prun.

482 1915 552 1980 Mae
567 1939 588 1979 a
604 1919 653 1980 lor
666 1919 799 1993 veletre,

481 2033 565 2092 quar
578 2033 619 2074 nc
632 2015 731 2074 cabon
743 2013 844 2093 paire,

481 2107 555 2184 fath
570 2126 653 2187 quar
664 2127 706 2168 no
723 2107 878 2168 l'esclac're

740 2201 867 2260 d'aitan

359 2309 419 2372 que
435 2293 664 2354 l’entendesson
678 2313 758 2354 neus
775 2291 926 2371 densaret

122 2453 300 2524 Geraldus
312 2455 422 2550 enim,
432 2455 519 2524 dum
534 2455 601 2522 arti
615 2473 759 2540 semper
771 2454 936 2523 eamdem
947 2445 1196 2522 difficultatem

12 2551 14 2598 ³
79 2570 199 2641 inesse
224 2571 419 2649 contendit,
442 2571 623 2639 dilucidus
648 2571 806 2656 quidem,
834 2587 907 2638 non
932 2569 1095 2638 insulsus
1119 2587 1198 2637 esse

81 2689 212 2757 studet.
229 2687 340 2756 Multa
354 2705 439 2755 vero
453 2691 538 2754 sunt
558 2687 691 2754 indicio
704 2687 809 2754 illum
826 2687 874 2754 ita
888 2688 925 2754 in
941 2687 1008 2755 hac
1021 2685 1198 2754 sententia

12 2811 15 2820 ’
81 2803 325 2888 permansisse
343 2807 380 2870 ut
396 2804 439 2870 de
455 2803 620 2871 versibus
636 2821 783 2871 omnem
798 2803 1056 2872 obscuritatem
1072 2801 1198 2870 tollere

81 2920 312 2992 contenderet
331 2937 338 2985 :

403 3025 458 3086 Tot
472 3031 578 3086 soavet
593 3028 660 3086 ede
669 3045 743 3104 pas,

480 3120 581 3192 rizen,
590 3119 705 3198 jopen,

399 3229 484 3275 veuc
498 3231 545 3274 un
558 3214 730 3274 chantaret
744 3213 865 3290 planen

480 3307 521 3367 de
536 3307 604 3366 ditz
618 3324 733 3368 escurs

480 3401 545 3460 c’us
559 3399 616 3460 noi
630 3400 831 3478 remaipnar.

117 3574 142 3636 1.
163 3593 179 3634 o
199 3576 299 3646 Nunc,
320 3577 345 3634 ri
365 3579 421 3634 hoc
442 3578 511 3635 aliis
530 3583 647 3649 gratum
669 3580 803 3636 luturum
824 3581 910 3646 esset,
931 3576 997 3634 sine
1020 3580 1087 3634 luco
1108 3580 1197 3635 tenue

85 3676 213 3732 carmen,
229 3664 295 3720 leve
309 3663 498 3734 simplexque
511 3664 636 3719 condere
650 3663 840 3719 instituerem
857 3679 865 3732 3
886 3663 987 3719 nullus
1000 3663 1081 3719 enim
1094 3663 1197 3719 doctus

86 3749 192 3822 estqui
209 3749 241 3804 id
258 3747 338 3817 (scil.
355 3750 488 3814 carmen)
503 3753 566 3804 tam
586 3748 675 3804 facile
695 3753 724 3804 et
743 3747 862 3820 plenius
882 3747 1004 3819 probare
1019 3752 1071 3804 eut
1089 3746 1198 3804 melius

86 3829 189 3892 limene
202 3837 300 3905 posset
312 3849 320 3902 ;
336 3833 361 3888 si
373 3832 440 3903 quis
452 3832 496 3888 itu
509 3850 557 3888 me
569 3832 668 3903 reipsa
677 3836 798 3888 cantare
808 3831 951 3900 crederet,
963 3847 1083 3888 carmen
1097 3848 1197 3888 meum

87 3916 176 3984 polire
195 3922 225 3974 et
244 3918 378 3974 excolere
400 3917 476 3972 mihi
497 3917 576 3973 haud
596 3917 719 3972 difficile
742 3921 827 3973 esset.
850 3917 940 3972 Nunc
963 3933 1043 3984 vero,
1069 3945 1102 3956 -
1128 3920 1199 3972 sunt

87 4000 163 4060 enirn
173 4002 383 4074 imperitiores,
396 4031 429 4040 -
441 4018 488 4057 me
501 4019 607 4069 errare,
622 4019 690 4057 oum
705 4001 737 4056 id
753 4019 811 4057 non
825 4006 887 4057 tem
901 4002 1025 4072 plenum
1042 4000 1151 4057 iccium
1164 4005 1200 4057 ut

87 4085 132 4144 vel
145 4085 276 4144 inientes
290 4086 464 4157 intellegere
479 4087 603 4156 possint,
615 4087 809 4143 arbitrantur.
823 4087 949 4154 »'(Eras
961 4084 1080 4157 simsos
1093 4103 1113 4140 o
1127 4088 1200 4158 prot

89 4167 194 4244 unque,
210 4187 241 4228 v.
256 4171 334 4228 1-19.
350 4171 397 4226 M.
415 4172 450 4227 G.
468 4171 531 4240 215,
547 4185 584 4226 ex
599 4171 662 4228 cod.
680 4170 727 4238 C.)

120 4279 145 4338 2.
165 4296 180 4338 r
200 4283 294 4340 Lente
317 4287 347 4340 et
368 4281 452 4353 quusi
476 4282 672 4353 pedetentim,
697 4282 808 4351 ridens,
831 4283 943 4352 jocans,
966 4285 1055 4338 tenue
1077 4295 1198 4342 carmen
