2860 4952
683 1170 821 1240 CAPUT
846 1169 876 1238 ll

343 1605 510 1667 cuonone
534 1607 577 1656 nn
601 1606 754 1656 nrmrms
779 1607 814 1656 m
840 1608 857 1653 (ι
880 1584 1019 1674 leuibus
1042 1585 1219 1655 Amoris»

661 1722 894 1774 nxrsrmnrnn

266 2022 394 2093 Omnia
432 2043 540 2111 opera
573 2044 666 2112 quae
699 2027 818 2094 adhuc
850 2025 1221 2094 commemoravimus
1260 2031 1353 2094 ante

223 2145 394 2226 quartum
408 2141 591 2210 decimum
609 2141 794 2209 saeculum
810 2142 944 2227 scripta
964 2147 1061 2209 sunt.
1076 2140 1117 2208 ln
1129 2141 1199 2208 hoc
1218 2145 1352 2209 autem

223 2256 367 2323 saeculo
387 2273 479 2342 opus
492 2257 630 2324 editum
651 2258 814 2342 estquod
829 2257 881 2324 eis
901 2257 1070 2324 omnibns
1087 2274 1179 2342 qnae
1194 2256 1239 2323 ad
1255 2275 1353 2341 pro-

222 2371 382 2458 positum
403 2377 570 2439 nostrum
590 2372 743 2439 attinent
762 2373 868 2458 longe
889 2378 1069 2458 praestat:
1093 2374 1187 2456 iopes
1206 2368 1354 2438 Amoris

222 2486 482 2572 significamus,
516 2487 648 2573 quibus
682 2487 823 2555 facilius
857 2488 944 2573 quid
975 2489 1013 2554 in
1047 2493 1122 2554 arte
1155 2486 1352 2572 judicandi

221 2601 363 2671 etiicere
384 2602 564 2670 valuerint
583 2603 825 2670 Provinciales
846 2603 1055 2689 perspicias.
1078 2601 1136 2669 list
1157 2601 1255 2668 enim
1283 2620 1350 2669 ars
1397 2614 1398 2617 ’

221 2718 399 2803 quaedam
421 2718 571 2803 poetica,
599 2719 635 2785 in
656 2719 790 2804 quade
815 2719 914 2804 poesi
939 2719 1103 2785 instituta
1125 2735 1199 2785 non
1219 2719 1350 2787 solum

221 2831 415 2900 traduntur
428 2833 489 2900 sed
503 2833 610 2900 etiam
625 2832 867 2918 explanantur
879 2853 888 2914 ;
904 2838 1086 2918 praeterea
1100 2833 1137 2899 in
1151 2833 1220 2901 hoc
1233 2851 1350 2919 opere
1397 2818 1398 2821 ¹

221 2947 398 3015 nonnulla
422 2948 465 3014 tle
490 2937 776 3016 Provi'ncialibus
801 2948 930 3016 litteris
956 2947 1090 3034 judicia
1114 2947 1219 3029 frunt,
1248 2967 1346 3034 quae

220 3064 300 3151 jure
320 3081 578 3148 recognoscere
598 3080 807 3149 possumus.

266 3179 431 3247 Primum
448 3179 592 3264 quando
607 3184 641 3247 et
657 3197 768 3265 qnare
791 3179 881 3245 illud
894 3197 985 3265 opus
1002 3178 1178 3264 scriptum
1195 3178 1242 3246 sit
1257 3179 1344 3248 bre-

220 3295 312 3363 viter
328 3295 625 3362 memorabimus.
1396 3297 1397 3300 ’

264 3523 458 3610 Postquam
483 3524 765 3593 Provincialium
785 3524 898 3611 lyrica
925 3524 1055 3611 poesis
1082 3524 1270 3610 inprimis
1294 3545 1341 3595 ex

220 3641 315 3709 bello
331 3640 506 3708 adversus
521 3640 733 3726 albigenses
749 3645 860 3725 gesto,
877 3640 973 3724 quod
988 3639 1218 3708 Australibus
1239 3641 1344 3710 nobi-

220 3755 327 3836 libus
344 3755 379 3822 id
395 3760 448 3822 est
462 3755 529 3822 arti
545 3774 654 3840 qnam
671 3755 708 3821 hi
722 3755 901 3834 invehant,
918 3755 1089 3839 perniciei
1101 3756 1180 3836 init,
1198 3756 1341 3843 jamdiu

219 3871 447 3951 defloruerat,
482 3871 630 3938 ineunte
659 3875 787 3956 quarto
821 3871 960 3938 decimo
994 3872 1138 3940 saeculo
1169 3874 1341 3942 nonnulli

220 3985 437 4053 vernaculae
457 3985 576 4072 poesis
596 3991 775 4052 amatores
795 3985 907 4070 huius
927 3986 1141 4053 memoriam
1166 3991 1200 4054 et
1220 3987 1342 4056 hono-

220 4119 297 4168 rem
313 4119 487 4170 renovare
500 4105 742 4169 tentaverunt.
755 4098 845 4168 Tum
856 4100 954 4168 enim
965 4133 1009 4147 -
1024 4099 1060 4168 id
1072 4106 1127 4169 est
1142 4119 1239 4170 anno
1252 4101 1341 4172 1323
