2860 4952
576 365 753 451 -lt-

105 585 246 666 quanto
269 586 349 666 post
380 579 659 646 Marcabrunum
687 579 819 656 floruit,
850 579 932 646 lieet
959 597 1102 664 quoque
1128 579 1221 647 inter

106 704 246 764 veteres
271 702 393 782 poetas
418 697 679 773 adscribamus
708 697 883 780 quaedam
909 701 942 762 et
967 695 1004 762 in
1029 696 1220 762 obscuram

1 817 2 880 ξ
104 831 222 898 genus
237 812 383 888 cadunt,
400 811 462 878 sed
478 812 644 878 laudetne
658 811 783 878 Petrus
796 831 842 877 an
858 811 1028 878 detrectet
1042 812 1109 878 hoo
1125 811 1221 878 baud

105 946 252 1012 semper
278 927 381 993 tacite
407 927 597 1011 dijudicari
625 933 752 1013 potest.
780 927 852 993 Hoc
878 933 998 994 tamen
1027 925 1104 994 loco
1131 927 1221 993 illud

105 1061 222 1128 genus
239 1043 357 1128 potius
378 1044 521 1128 probari
538 1044 680 1110 videtur
703 1062 709 1109 :

532 1239 577 1297 Be
589 1239 665 1296 tto'es
677 1238 795 1314 plazola

539 1351 555 1391 e
569 1351 712 1391 cossezoo

452 1427 508 1504 qui
523 1427 668 1503 s’opzr'mt
685 1427 723 1484 do
738 1427 876 1486 chuntur

539 1521 578 1578 ob
598 1527 681 1578 nacta
697 1520 791 1596 olqus

546 1620 697 1672 sorratze
716 1613 784 1672 clus

408 1707 514 1784 qrt’om
528 1713 591 1766 tent
611 1708 646 1764 io
661 1709 698 1766 de
713 1707 921 1783 vct·9onlrot·¹.

1 1873 2 1876 ¹
106 1895 302 1980 Reliquum
322 1913 468 1961 carmen
485 1896 528 1962 ad
550 1914 680 1975 mores,
700 1901 737 1962 ut
759 1913 863 1980 saepe
880 1894 930 1972 bt,
953 1899 1094 1960 tantum
1111 1896 1222 1980 perti-

106 2018 181 2078 net.
206 2010 285 2088 Sed,
305 2029 389 2078 cum
406 2011 443 2076 in
459 2011 586 2077 ultima
602 2011 680 2097 eius
696 2011 867 2078 carminis
884 2011 1043 2096 stropha,
1067 2012 1162 2095 quod
1178 2012 1222 2078 ad

105 2127 277 2211 aequales
307 2145 393 2193 suos
419 2127 669 2194 detrectandos
696 2127 822 2194 Petrus
848 2128 1034 2194 Arvernus
1056 2127 1219 2213 scripsit,

1 2252 2 2292 ἐ
104 2242 195 2308 huie
215 2247 317 2327 poeta
338 2241 484 2326 quidam
505 2243 678 2309 orationis
693 2243 948 2310 obscuritatem
966 2243 1052 2310 vitio
1072 2243 1219 2321 dederit,

1 2366 2 2444 ζ
105 2357 202 2423 nihil
222 2356 339 2424 obstat
359 2357 448 2442 quin
472 2358 723 2425 existimemus
748 2359 893 2426 Petrum
918 2359 1091 2425 intereos
1111 2358 1222 2425 luisse

104 2472 172 2558 qui
187 2472 379 2539 obscuram
398 2474 534 2559 poesim
552 2492 625 2540 non
645 2475 763 2540 solum
785 2475 1017 2542 tractaverint
1032 2475 1094 2541 sed
1114 2475 1221 2542 etiam

1 2626 3 2686 3
101 2590 244 2675 optime
290 2590 587 2674 praedicaverint.
628 2589 804 2675 Iniuriose
842 2591 987 2675 quidem
1026 2590 1087 2657 sed
1126 2591 1222 2656 haud

1 2692 2 2743 ³
99 2704 247 2772 insulse
267 2705 310 2772 ab
326 2705 388 2772 illo
402 2711 504 2790 poeta
520 2705 613 2772 Petri
629 2706 770 2773 dicendi
784 2725 898 2792 genus
912 2706 1095 2774 deridetur
1111 2723 1117 2769 :

427 2899 521 2958 Pei-ro
533 2899 727 2959 tl'Aloernlte
739 2920 760 2957 o
775 2900 822 2958 tol
834 2907 903 2958 cotz

369 3012 428 3069 que
443 2999 539 3051 cottio
554 3012 628 3051 cum
643 2994 783 3070 protrolb
799 2994 846 3050 ’eto
857 3000 942 3070 potr,

369 3105 384 3143 o
401 3085 512 3143 lottzos
529 3093 599 3162 trop
615 3105 635 3143 o
651 3092 715 3144 toto
728 3105 811 3160 prim

426 3198 503 3255 pero
519 3179 666 3237 tttoisttus
682 3199 712 3237 cs
727 3182 765 3237 de
777 3186 849 3249 totz,

368 3273 406 3332 ob
423 3273 522 3348 qtt’aut
536 3273 787 3350 pericommatis
804 3293 851 3331 sos
867 3280 962 3344 mota,

369 3367 443 3442 qu’o
456 3385 558 3442 penos
573 3368 671 3426 tratas
686 3369 757 3425 bom
776 3368 820 3425 tos
834 3375 955 3426 entctv.

142 3571 171 3626 1.
193 3583 208 3623 (t
228 3569 308 3626 Mihi
330 3571 418 3626 valde
440 3572 537 3641 placet
560 3573 757 3642 probaturque
779 3572 830 3642 qui
852 3572 960 3643 pressis
982 3569 1223 3644 absconditisque

1 3669 2 3696 ³
100 3654 209 3712 verbis
223 3655 260 3710 ad
274 3655 441 3710 canendum
456 3655 500 3710 uti
515 3656 707 3711 instituit...»
726 3657 785 3722 (Bo
801 3657 869 3710 nt'cs
880 3657 999 3730 plocen,
1009 3674 1037 3710 v.
1052 3657 1108 3711 1-5.
1122 3656 1168 3710 Μ.
1185 3657 1220 3712 G.

1 3787 3 3808 ‚
100 3741 171 3801 226.
189 3757 224 3794 ex
240 3740 303 3794 cod.
319 3739 365 3806 C.)
383 3740 493 3796 Sensus
509 3742 610 3796 ultimi
628 3759 729 3796 versus
745 3759 803 3796 non
819 3743 907 3812 plane
922 3742 1026 3812 liquet.

141 3852 171 3906 2.
194 3865 208 3903 d
230 3853 335 3906 Petrus
360 3853 513 3908 Arvernus
535 3853 560 3907 is
584 3857 718 3908 cantator
742 3858 785 3908 est
810 3853 860 3923 qui
885 3853 962 3908 sicut
983 3870 1056 3908 rana
1079 3853 1110 3907 in
1135 3857 1222 3922 puteo

1 3919 2 3944 ³
101 3941 221 4002 cantet,
244 3941 272 3992 et
292 3937 447 4006 gloriosius
469 3938 505 3992 de
527 3955 557 3992 se
579 3939 642 4008 ipso
667 3955 783 4009 semper·
808 3939 981 4008 praedicat;
1006 3938 1054 3992 bie
1077 3937 1222 3992 nimirum

1 4075 2 4082 ,
101 4021 244 4078 omnium
268 4021 410 4092 magister
431 4027 485 4089 est,
501 4023 662 4078 dummodo
677 4025 768 4078 verba
789 4041 842 4080 sua
861 4024 1049 4094 aliquantum
1070 4024 1223 4094 explanet,

1 4090 2 4119 1
102 4124 178 4164 cum
200 4108 271 4161 baec
286 4107 339 4161 vix
358 4107 493 4178 intellegi
515 4109 639 4178 possint.
658 4123 671 4162 u
694 4108 883 4175 (Chaucoroi
902 4107 1036 4182 d'oquoot
1052 4101 1220 4175 trohadam,

101 4208 134 4249 v.
151 4189 248 4246 79-84.
263 4191 389 4248 Bartsch
405 4209 411 4248 :
430 4191 595 4248 Chrestom.
609 4194 769 4263 Propone,
786 4210 814 4264 p.
829 4193 886 4260 82.)
