2860 4952
669 340 846 416 ,72-

242 538 474 626 Probandum
494 542 548 606 est
568 538 675 604 etiam
696 538 792 624 quod
813 537 856 604 de
876 537 1123 608 immoderatis
1148 536 1319 604 laudibus

198 651 420 740 (sobre-lucr)
442 653 526 720 dicit
542 653 774 720 Guillelmus¹
796 672 802 718 :
826 653 891 720 bas
907 653 1005 720 enim
1025 653 1104 740 iure
1121 653 1316 736 vituperat.

197 770 299 846 Nam,
324 770 390 836 etsi
412 770 588 836 nonnulla
608 770 742 835 leviora
763 769 872 848 addit,
891 767 1183 855 reprehensionis
1204 767 1318 850 hujus

197 887 312 954 iacilis
332 891 385 953 est
406 885 578 963 defensio,
597 886 796 952 dummodo
817 885 903 969 quid
920 890 1058 950 veteres
1075 881 1178 967 lyrici
1194 882 1318 966 eloqui

131 996 134 1000 ’
197 1003 336 1069 soleant
355 1002 540 1088 respicias.
583 1017 586 1023 ·

241 1112 477 1184 Guillelmnm
512 1117 621 1201 igitur
655 1116 838 1182 interdum
872 1115 907 1180 in
947 1119 1050 1200 poeta
1084 1112 1318 1179 intermando

197 1233 378 1320 quoddam
403 1232 580 1318 judicium
596 1231 796 1298 ostendisse
812 1235 963 1309 constat,
986 1248 1082 1308 cum,
1102 1248 1316 1314 quanquam

197 1353 361 1414 velerum
400 1346 598 1434 lyricorum
637 1347 766 1432 placita
801 1346 1029 1430 sequebatur,
1070 1346 1158 1412 baec
1192 1337 1317 1412 tamen

197 1463 347 1529 meliora
366 1462 444 1529 lieri
465 1480 570 1547 posse
584 1462 778 1528 arbitratus
794 1461 851 1527 sit.

399 1723 440 1789 c).
464 1723 533 1786 Qua
550 1726 650 1777 mente
670 1722 852 1778 Guillelmus
872 1722 908 1777 de
927 1723 1061 1778 oratione
1080 1727 1109 1777 et

501 1820 636 1875 versibus
656 1824 813 1890 praecepta
832 1820 1001 1876 tradiderit.

239 2025 287 2091 Ex
315 2025 371 2092 bis
399 2043 490 2109 quae
517 2025 560 2090 de
586 2024 769 2090 Guillelmi
797 2025 934 2110 poetica
962 2025 1124 2092 doctrina
1151 2027 1315 2093 diximus

194 2141 298 2207 facile
319 2139 477 2224 intellegi
495 2145 609 2224 potest
626 2158 691 2206 eur
707 2139 985 2206 innumerabilia
1002 2141 1044 2206 de
1060 2140 1263 2207 elocutione
1280 2147 1315 2208 ct

193 2255 236 2322 de
250 2260 325 2322 arte
340 2273 513 2322 versuum
528 2255 786 2321 struendarum
804 2253 992 2340 praecepta
1006 2255 1043 2323 in
1058 2252 1199 2341 Lepidus
1214 2256 1316 2323 inve-

194 2371 353 2438 niantur.
369 2371 461 2438 Haec
475 2370 621 2456 quidem
638 2371 741 2437 nobis
755 2389 827 2438 non
845 2373 1088 2455 percensenda
1109 2377 1194 2438 sunt
1213 2389 1219 2436 :
1244 2373 1317 2439 boc

193 2491 334 2553 tantum
349 2486 573 2572 propositum
588 2491 651 2564 est,
667 2487 761 2569 quod
776 2486 950 2571 judicium
964 2506 1119 2572 quamve
1132 2487 1314 2554 rationem

192 2602 230 2668 in
250 2602 306 2667 bis
320 2601 520 2686 praeceptis
536 2600 664 2667 dandis
685 2601 839 2687 scriptor
855 2603 1050 2669 ostenderit
1067 2603 1263 2688 inquirere.
1284 2687 1289 2692 q
1428 2683 1429 2694 2

237 2715 382 2801 Oportet
407 2734 653 2782 memoremus
674 2717 710 2781 in
736 2717 864 2801 primis
886 2717 1024 2784 nullam
1045 2719 1087 2785 de
1108 2719 1228 2786 verbis
1249 2727 1315 2789 aul
1427 2735 1429 2792 t

105 2893 107 2896 .
192 2833 235 2899 de
249 2850 287 2898 re
303 2831 452 2898 metrica
468 2831 717 2915 quaestionem
738 2853 757 2898 a
773 2833 965 2901 Guillelmo
980 2852 1058 2900 esse
1075 2837 1314 2920 praetermis-
1427 2865 1429 2918 4

191 2966 270 3013 sam
287 2967 295 3025 ;
319 2946 528 3030 quinetiam
549 2947 592 3012 de
608 2947 707 3011 omni
724 2966 761 3013 re
782 2967 925 3032 semper
945 2949 1017 3015 lere
1033 2949 1176 3034 longius
1192 2951 1313 3018 disse·
1427 2937 1429 3008 ἶ

191 3063 266 3130 rit:
296 3061 545 3146 pereruditum
570 3061 680 3146 igitur
704 3061 809 3128 illum
834 3062 956 3141 luisse,
985 3071 1018 3130 et
1045 3067 1138 3148 Lepas
1164 3085 1313 3151 semper

190 3176 351 3241 maximo
371 3175 505 3242 auxilio
526 3176 570 3241 ad
591 3181 729 3242 veteres
750 3177 882 3261 lyricos
903 3179 1072 3263 legendos
1097 3186 1130 3246 et
1155 3200 1312 3266 pernos-

190 3292 323 3358 cendos
350 3291 659 3358 existimatoribus
679 3291 820 3359 futuras
845 3312 922 3360 esse
949 3294 1208 3362 confitendum.
1240 3297 1312 3365 Sed
1428 3293 1429 3310 ³

189 3405 233 3472 ad
249 3403 387 3489 reliqua
403 3423 610 3490 pergamus,

235 3519 347 3606 Saepe
363 3519 403 3586 fit
419 3526 469 3597 ut,
488 3521 576 3586 dum
597 3521 733 3604 aliquid
753 3523 796 3589 de
812 3524 971 3592 oratione
987 3531 1047 3592 aut
1064 3527 1107 3593 de
1123 3528 1312 3596 versifica-

189 3635 286 3702 tione
299 3635 522 3719 praescribit,
540 3634 755 3703 Guillelmus
769 3639 984 3723 exquisitius
997 3640 1173 3726 judicium
1187 3649 1312 3710 osten-

186 3853 311 3908 talduno
327 3853 472 3922 praeclari
492 3859 595 3923 poetae
608 3857 702 3910 iacete
717 3857 919 3926 derideantur,
937 3860 1028 3915 nimis
1044 3867 1143 3918 tarnon
1159 3867 1255 3920 multa
1269 3868 1309 3922 do
1427 3861 1428 3902 3

186 3938 291 3991 horum
308 3936 440 3992 moribus
452 3937 604 3992 dicuntur.
622 3941 659 3993 V.
677 3956 775 4009 supra,
793 3957 821 4010 p.
837 3943 880 4008 10,
898 3960 926 3997 n.
943 3944 969 3998 2.

186 4047 247 4193 133).
270 4061 284 4099 n
305 4047 491 4120 Longissime
506 4047 542 4106 dc
558 4049 611 4106 boc
627 4050 768 4108 disseruit
785 4052 976 4110 Guillelmus.
991 4057 1028 4110 V.
1046 4057 1097 4123 ΙΙΙ,
1115 4075 1143 4132 p.
1161 4059 1223 4128 126,
1240 4062 1305 4130 128,
