2860 4952
9 709 13 740 Ξ
58 616 235 706 lecerunt,
263 618 385 712 magis
409 617 537 691 idonei
563 619 718 694 fuerunt
741 620 807 714 qui
833 620 879 692 de
906 618 1059 713 scriptis
1083 619 1163 690 suis

9 755 12 830 ᾗ
57 743 294 816 dissererent.

91 868 182 940 'Jam
216 891 320 941 nunc
353 869 520 962 intellegi
555 877 676 964 potest
706 892 776 942 cur
807 892 828 941 a
859 868 1163 942 provincialibus

56 993 146 1064 nihil
163 994 362 1094 judicandi
386 1003 450 1067 aut
472 995 633 1067 docendi
654 1017 768 1068 causa
788 997 973 1092 scriptum
996 995 1045 1066 sit
1060 995 1162 1088 quod

9 1195 11 1210 Ξ
56 1141 124 1190 non
140 1120 187 1190 ad
205 1119 411 1212 lyricorum
432 1129 629 1214 poetarum
650 1142 762 1214 opera
779 1121 975 1214 pertineat,
992 1141 1078 1190 cum
1096 1141 1164 1214 per

9 1233 30 1368 Ξ
55 1243 141 1316 haec
163 1245 403 1338 potissimum
427 1233 570 1317 tantam
592 1245 744 1316 laudem
760 1246 837 1316 sint
858 1245 1063 1316 consecuti.

9 1369 12 1474 Ξ
100 1369 138 1440 ln
169 1370 297 1463 priore
321 1369 435 1464 hujus
461 1371 795 1442 commentationis
825 1377 996 1464 partera
1021 1370 1161 1464 scripta

58 1494 360 1586 percensebimus
380 1495 418 1566 in
439 1494 588 1588 qtrihus
608 1517 828 1588 quanquam
850 1516 926 1566 non
948 1493 1100 1588 proprie
1114 1494 1162 1566 ad

9 1653 14 1736 i
57 1617 262 1690 litterarum
279 1620 521 1712 disciplinam
538 1627 603 1691 aut
622 1619 669 1725 ad
683 1621 913 1713 scriptorum
933 1620 1163 1690 aestimatio·

57 1765 135 1815 nem
164 1752 349 1838 spectant,
378 1745 562 1816 nonnulla
592 1755 716 1815 tamen
742 1745 887 1840 judicia
916 1753 1162 1837 praeceptore

9 1899 13 1968 Ξ
57 1867 161 1961 digna
194 1893 293 1963 quae
330 1880 591 1941 memorentur
628 1870 785 1963 reperiri
826 1877 994 1962 possunt.
1035 1855 1161 1940 Altera

9 1971 12 2058 l
57 2003 170 2064 autem
204 2017 295 2089 pars
321 1996 392 2068 erit
421 1996 467 2066 de
495 1995 681 2088 ejusmodi
709 1993 888 2088 operibus
909 2017 1006 2088 quac
1031 1994 1088 2066 rel
1115 1995 1160 2065 de

9 2073 12 2224 Ξ
57 2117 181 2190 littoris
212 2120 359 2213 aliquid
390 2119 627 2213 praecipiant
652 2119 711 2189 vel
743 2119 926 2212 quosdam
956 2119 1160 2213 scriptores

55 2242 226 2336 judicent,
250 2267 338 2318 cum
355 2245 514 2316 docendi
536 2245 790 2338 potius-quam
814 2243 1026 2316 delectandi
1047 2267 1161 2316 causa

9 2339 11 2418 l
60 2369 198 2441 condita
228 2370 317 2440 sint.
351 2369 406 2440 lta
438 2391 482 2440 ex
511 2369 683 2461 utrisque
711 2367 750 2440 id
780 2377 1017 2462 compertum
1048 2368 1171 2441 habe-'

9 2421 13 2550 l
61 2489 184 2581 bimus,
225 2502 416 2588 quatenus
455 2493 712 2565 Prot'inciules
742 2493 941 2588 judicandi
983 2493 1161 2566 facultate

9 2609 12 2724 Ξ
60 2619 206 2707 praediti
222 2617 389 2689 fuerint:
410 2639 525 2711 quam
544 2639 621 2688 rem
640 2617 731 2688 dum
748 2617 1000 2710 inquiremus,
1012 2618 1161 2712 jamdiu

9 2741 11 2868 Ξ
59 2749 223 2814 notorum
258 2743 415 2836 quidem
449 2764 608 2835 operum
637 2742 780 2813 mentio
806 2742 897 2812 fiet:
932 2742 997 2814 sed
1026 2742 1071 2814 de
1100 2742 1160 2814 his

9 2885 11 2960 Ξ
59 2867 218 2939 nondum
248 2890 292 2939 eo
321 2867 563 2961 potissimum
585 2867 743 2939 consilio
764 2868 950 2960 scripturn
972 2867 1160 2939 establis

9 2961 12 3120 Ξ
58 2990 179 3080 quise
207 2992 256 3064 ad
285 2991 519 3064 Australium
549 2993 761 3064 litterarum
791 2992 962 3063 studium
988 2991 1160 3064 contule-

59 3123 147 3186 runt.
