2860 4952
725 333 901 418 *di-

300 543 318 611 'n
345 530 424 614 Fetz
442 551 556 614 assatz
576 547 619 614 do
641 564 770 618 oansos
786 541 855 632 que
871 563 983 632 agron
999 546 1090 613 bons
1114 563 1212 624 sono,
1235 535 1353 613 omoiz

256 663 299 730 de
319 681 432 748 pauca
453 662 629 730 valensa¹.
651 684 666 727 »

300 777 347 845 De
367 777 563 846 Gausirodo
579 777 729 848 Rudello
747 797 754 844 :

301 912 317 958 n
344 893 369 961 Ε
395 894 461 962 iotz
488 895 531 962 de
552 894 629 962 lieis
650 895 768 961 mains
795 894 885 960 bons
909 912 990 961 vers
1011 893 1054 961 ab
1081 895 1172 961 bons
1199 912 1293 972 sons,
1318 891 1354 958 ab

255 1010 409 1095 pauhres
430 1011 555 1077 motz¹.
573 1029 589 1074 o
1016 1014 1019 1021 '

262 1179 265 1187 .
298 1125 347 1193 Do
367 1126 469 1194 Petro
484 1125 700 1193 Guillolino:

262 1295 265 1303 .
300 1261 316 1306 o
343 1241 764 1321 Eiezbonooblas,1nas
785 1247 864 1327 trop
884 1260 929 1309 en
949 1241 1068 1308 fazia⁸.
1087 1261 1102 1306 o

298 1358 346 1426 De
367 1357 568 1426 Raimundo
584 1358 627 1426 de
648 1357 765 1425 Salis:

299 1492 315 1536 (ι
342 1473 393 1540 Νο
408 1473 442 1541 io
459 1479 560 1540 [noui
579 1478 754 1558 oonogutz
770 1474 807 1539 ni
823 1477 925 1540 mont
939 1478 1078 1558 prezatz
1089 1472 1109 1538 ‘.
1127 1491 1143 1537 o

297 1588 345 1657 Do
360 1587 511 1656 Goraldo
526 1589 569 1655 de
585 1588 791 1656 Calaniione
810 1607 817 1654 :

299 1723 314 1768 o
341 1703 410 1772 Mal
426 1705 599 1773 abolivols
615 1705 649 1773 [ο
665 1705 702 1771 in
722 1704 878 1772 Proonsa
897 1725 916 1772 o
936 1722 995 1772 sos
1015 1704 1097 1784 ditz‚
1116 1721 1135 1771 e
1155 1703 1243 1789 petit
1263 1721 1302 1771 ao
1318 1703 1354 1769 do

253 1838 338 1888 nom
352 1820 486 1889 entrels
499 1816 646 1888 ooitos⁵.
665 1842 680 1886 »

778 2063 839 2155 *ᾗ*

296 2371 476 2448 Attamen,
511 2389 555 2438 no
585 2369 665 2456 quis
695 2365 847 2438 minetur
878 2389 944 2439 nos
974 2368 1172 2456 Lyricorum
1199 2369 1288 2438 Vitas
1317 2368 1353 2436 ad

252 2483 532 2557 Provinoialium
556 2486 758 2554 litterarum
778 2487 1021 2572 cognitionem
1048 2488 1227 2572 portinere
1254 2504 1353 2572 supra

251 2603 396 2680 dixisse,
416 2602 543 2688 morito
558 2602 773 2668 confirmare
793 2619 990 2687 possumus
1010 2603 1206 2669 nonnullos
1227 2607 1350 2687 poetas,

251 2719 348 2785 hand
360 2717 474 2784 mulio
486 2717 666 2803 copiosius
681 2718 841 2802 quidem„
853 2719 915 2789 sod
928 2719 1136 2804 diligentius
1147 2724 1182 2786 ot
1195 2718 1352 2786 subtilius

250 2833 427 2918 iudicatos
451 2851 541 2913 osse,
568 2834 656 2900 dnm
686 2833 746 2899 alii
771 2833 975 2914 laudantur,
1000 2835 1060 2900 aiii
1079 2839 1204 2903 contra
1224 2835 1353 2902 dotroo-

251 2954 385 3016 tantur.

294 3065 345 3132 Ita
365 3066 408 3133 de
428 3065 521 3132 Petri
540 3065 693 3133 Arverni
720 3065 814 3132 fama
834 3071 1000 3152 oportum
1026 3066 1274 3134 testimonium
1294 3067 1352 3132 hoo

250 3182 328 3250 looo
348 3183 524 3250 habemus
543 3199 549 3246 :

295 3318 310 3364 o
338 3297 482 3365 Montio
503 3302 625 3364 onratz
641 3316 659 3364 e
674 3298 804 3383 grasitz
820 3316 884 3383 per
899 3302 968 3365 totz
985 3298 1040 3374 los
1055 3299 1179 3367 valens
1195 3300 1352 3368 baronso

284 3505 308 3561 1.
333 3519 347 3558 α
368 3505 481 3560 Multos
506 3503 658 3560 contiones
688 3505 832 3574 condidit,
855 3510 934 3581 neoto
959 3505 1079 3576 quidem
1105 3507 1281 3574 modulatas,
1309 3498 1352 3560 sed

246 3589 347 3660 jejune
363 3588 488 3660 scriptas
503 3603 517 3642 o
538 3591 578 3660 (p.
596 3589 651 3656 94).

282 3688 308 3744 2.
331 3703 345 3741 o
366 3688 405 3744 Et
429 3686 465 3742 do
491 3686 545 3742 illa
570 3688 679 3742 multos
708 3687 798 3742 bonos
820 3704 922 3743 vorsus
946 3688 1091 3756 condidit,
1121 3689 1212 3745 bonos
1241 3688 1351 3760 quidem

247 3773 359 3840 modos,
374 3772 424 3826 sed
439 3787 533 3842 pravo
548 3771 638 3826 verba
650 3772 795 3827 adhibens
810 3787 823 3825 n
845 3775 884 3843 (p.
902 3773 957 3838 io).

282 3871 308 3926 3.
330 3885 344 3922 d
365 3871 403 3925 Et
418 3868 490 3924 iecit
505 3869 579 3924 bene
593 3872 722 3940 copula&
739 3870 789 3925 sod
806 3870 897 3924 nimis
913 3873 1023 3925 multas
1039 3885 1053 3922 o
1074 3872 1113 3940 (p.
1130 3870 1186 3937 76).

282 3968 308 4023 4.
330 3983 344 4021 d
365 3969 428 4023 Neo
443 3966 571 4022 illustris
585 3984 637 4021 noo
655 3967 755 4036 magni
770 3967 945 4022 aeotimatns
960 3967 1018 4022 fuit
1034 3983 1048 4020 o
1069 3970 1109 4038 (p.
1126 3967 1183 4034 95).

281 4067 308 4122 5.
330 4081 344 4119 d
360 4067 441 4122 Male
451 4069 592 4137 exceptus
603 4071 647 4120 est
658 4065 691 4119 in
700 4063 863 4120 Provincia
873 4064 994 4136 ejusque
1002 4081 1090 4136 opera
1101 4083 1159 4120 non
1171 4063 1348 4137 placuerunt,

247 4165 300 4208 nee
315 4151 379 4225 ipse
396 4151 427 4207 in
444 4169 552 4222 magna
566 4150 654 4207 laude
668 4149 747 4221 apud
764 4151 909 4204 humanos
924 4149 982 4206 fuit
998 4164 1012 4204 »
1033 4153 1073 4220 (p.
1089 4150 1146 4218 50).
