2860 4952
701 350 877 446 ...ἐμ

230 557 379 638 d‘amor.
409 569 563 653 Perque
584 570 782 638 nonaviou
810 569 915 638 sabor
941 573 1042 635 entre
1068 567 1101 634 la
1128 585 1208 652 gen,
1239 567 1277 638 ui
1298 585 1344 635 uo
1424 587 1425 656 g

229 685 332 752 toron
345 685 516 756 cautadas
530 685 566 752 ui
587 685 780 770 gruzidas¹¹
802 707 819 750 u
1422 659 1425 698 ²

273 799 366 866 lllud
386 805 506 866 autem
527 800 714 885 judicium,
734 801 830 886 quod
845 801 888 867 de
908 799 1131 867 sirventesiis
1152 799 1342 868 Bertruudi

229 915 422 986 Boruensis
455 921 490 982 et
530 915 574 984 de
608 917 837 987 cautionibus
870 915 1011 984 Geraldi
1053 915 1297 984 Borneliensis
1324 935 1347 982 a

229 1031 386 1117 quodam
426 1030 650 1116 Aragoneusi
685 1049 768 1117 rege
802 1033 930 1106 latum
950 1037 1014 1109 est,
1051 1031 1110 1100 hio
1141 1037 1348 1117 opportune
1399 1121 1404 1130 ι

228 1146 525 1225 memorabimus,
558 1147 726 1232 quamvis
753 1152 880 1218 uotum
912 1147 957 1214 sit
980 1146 1243 1216 :inBortrundi
1269 1147 1347 1214 vita

208 1263 411 1356 legimus:

273 1398 290 1443 ((
316 1377 402 1446 Molt
427 1377 461 1446 io
485 1379 576 1446 bons
601 1378 755 1448 trobaire
782 1379 825 1446 de
850 1378 1039 1456 sirveutes,
1066 1383 1101 1446 et
1127 1396 1194 1446 auo
1219 1396 1265 1448 no
1290 1378 1347 1446 les

227 1496 383 1562 ohausos
399 1493 473 1562 iors
488 1495 586 1562 doas.
606 1494 644 1562 El
665 1495 735 1564 reis
748 1494 901 1580 d’Arago
915 1495 1022 1562 donet
1035 1513 1098 1579 per
1113 1495 1274 1562 molhers
1289 1495 1348 1562 las

227 1611 409 1678 chansous
429 1609 509 1677 d'en
522 1609 673 1676 Guiraut
689 1611 732 1677 de
752 1610 907 1677 Bornelh
928 1629 946 1676 a
968 1628 1026 1677 sos
1047 1610 1254 1680 sirveutes'.
1272 1630 1287 1676 11

236 1759 239 1768 .
271 1725 362 1794 Fieri
390 1743 463 1792 uon
492 1725 607 1811 potuit
635 1731 673 1794 ut
700 1726 743 1793 de
770 1726 842 1794 illis
869 1726 1011 1804 duobus
1040 1725 1347 1811 praeclarissimis

227 1841 342 1928 poetis
363 1841 499 1926 majore
519 1841 711 1910 testivitate
731 1847 765 1908 et
785 1841 933 1910 veritate
959 1842 1238 1919 existimaretur,
1257 1859 1347 1908 cum

227 1976 334 2026 nemo
355 1957 594 2024 Bertrundum
608 1957 655 2036 vi,
674 1957 819 2026 lenitate
835 1956 1029 2027 Geruldum
1045 1957 1237 2042 superarit.

272 2072 337 2154 Qut
369 2073 463 2140 Petri
493 2071 672 2142 Valeriani
705 2073 815 2140 vitam
847 2073 992 2158 scripsit
1022 2074 1065 2140 de
1096 2073 1165 2140 hoc
1195 2072 1346 2157 gravius

227 2189 370 2257 locutus
385 2194 438 2256 est
457 2207 463 2255 :
487 2189 583 2275 quod
602 2189 779 2274 judicium
800 2189 948 2274 majoris
964 2189 1072 2258 etiem
1085 2193 1138 2256 est
1152 2189 1348 2268 momenti

228 2306 312 2391 quia
332 2305 490 2378 breviter
510 2305 656 2390 quidem
677 2305 740 2372 sed
766 2311 861 2374 recte
885 2305 1014 2374 vitium
1035 2305 1235 2373 multorum
1256 2304 1346 2372 Pro-

227 2420 437 2488 uincialium
458 2421 656 2506 lyricorum
673 2438 867 2490 commuue
883 2420 1086 2506 siguificare
1099 2425 1134 2488 et
1149 2421 1346 2505 reprehen-

226 2537 309 2606 dere
323 2536 465 2604 videtur
481 2554 487 2602 :

272 2671 288 2716 (
315 2650 410 2722 iliez
435 2670 517 2720 vers
542 2652 610 2722 tals
635 2670 716 2719 com
741 2653 828 2721 hom
855 2652 944 2723 [ozia
963 2653 1108 2731 adortos
1136 2652 1182 2719 de
1203 2653 1347 2737 paubro

226 2767 338 2844 valor,
355 2767 398 2834 de
411 2766 528 2834 toillas
545 2786 563 2834 e
577 2767 731 2847 delium,
745 2767 951 2836 edecanse
967 2767 1134 2838 d'ausels.
1144 2766 1203 2838 Sei
1217 2774 1346 2836 contar

226 2900 299 2957 oon
319 2900 431 2968 agrou
451 2901 541 2968 grau
562 2883 663 2952 valor
683 2883 721 2950 ni
740 2884 803 2952 el³.
822 2905 837 2949 1)

270 2997 440 3083 Denique,
464 2999 613 3082 quidde
633 2999 832 3084 lyricorum
852 2999 1026 3085 principis
1045 3000 1172 3086 ipsius
1195 2999 1342 3068 Geraldi

226 3111 1066 3200 BorneliensisiamaiuhuJusvitatraditumsit
1078 3133 1338 3184 memoremus:

258 3359 284 3415 1.
307 3376 321 3412 ((
342 3360 512 3430 Canticum,
526 3379 629 3418 versus
646 3362 761 3418 ratione
783 3362 934 3417 condendo
951 3363 1043 3432 tecit;
1064 3364 1115 3420 sed
1131 3365 1196 3432 hoe,
1213 3364 1287 3436 quia
1303 3378 1338 3422 ex

225 3459 325 3502 umore
348 3464 407 3502 non
430 3447 702 3518 proficiscebantur,
728 3457 783 3501 n'eo
806 3452 942 3502 cantatae
966 3451 1036 3502 sunt
1059 3465 1114 3503 nec
1128 3450 1307 3519 placuerunt
1326 3464 1339 3502 11

225 3532 265 3600 (p.
279 3529 335 3596 lo).

260 3641 286 3696 2.
309 3656 323 3694 u
345 3641 468 3713 Optime
490 3642 681 3699 sirventesios
702 3641 859 3710 condidit3
881 3642 931 3697 sed
952 3641 1026 3700 dues
1048 3646 1165 3699 tentum
1186 3645 1338 3701 cantiones

225 3725 306 3781 fecit.
328 3727 366 3782 Et
389 3743 442 3781 rex
461 3727 661 3796 Aragonensis
683 3727 835 3782 contiones
854 3726 969 3781 domini
990 3727 1111 3783 Geraldi
1136 3729 1337 3785 Borneliensis

224 3810 410 3866 sirventesiis
426 3812 586 3867 Bertrrmdi
602 3811 732 3881 junxit»
753 3814 793 3882 (p.
810 3813 865 3878 17).

260 3921 286 3977 3.
309 3936 323 3974 ((
344 3922 383 3978 Et
403 3922 538 3978 condidit
552 3940 655 3978 versus
674 3924 749 3978 tales
769 3925 870 3993 quoles
890 3927 953 3978 tum
971 3923 1058 3979 condi
1077 3925 1220 3992 solebant,
1241 3925 1273 3981 id
1295 3929 1336 3982 est

225 4006 310 4077 parvi
324 4007 424 4077 pretii,
441 4008 477 4063 de
491 4008 582 4075 loliis,
597 4008 633 4062 de
646 4007 777 4076 floribus,
791 4007 828 4062 de
843 4008 990 4076 euntibus,
1006 4008 1043 4064 de
1057 4009 1163 4065 avibus
1177 4027 1184 4066 :
1205 4026 1261 4065 nec
1275 4011 1334 4080 ejus

225 4091 360 4248 {griffo
379 4092 482 4162 magni·
500 4092 659 4153 aestimata
678 4096 758 4160 sunt,
779 4109 834 4148 neo
852 4093 916 4164 ipse
935 4093 1039 4162 magui
1058 4093 1234 4166 aestimatus
1258 4098 1332 4151 esto
