2860 4952
687 345 862 416 ...pg-

218 544 388 654 tionibuS,
414 548 458 616 ad
478 548 658 618 scribendi
678 548 853 616 rationem
878 547 1080 634 eligendam
1104 547 1229 634 magni
1254 565 1346 614 mo-

218 664 331 732 menti
346 665 457 732 luisse
474 665 626 734 videtur.

262 779 449 848 Neminem
465 781 562 848 enim
579 781 669 866 iugit
684 781 816 866 lyricos
835 781 909 866 jam
925 800 944 846 a
961 780 1139 866 principio
1156 781 1204 847 ita
1226 780 1346 850 insti-

217 895 330 963 tuisse
345 902 384 964 nt
400 916 508 982 qnam
526 897 685 964 maxima
701 902 846 982 possent
866 914 952 963 cura
973 895 1247 963 dissimularent
1262 915 1345 982 qna

218 1013 441 1080 necessitatis
466 1013 604 1080 ratione
625 1031 710 1080 curn
733 1011 946 1078 mulieribus
972 1017 1172 1078 uterentur.
1193 1012 1274 1079 lmo
1302 1011 1343 1078 in

217 1128 387 1196 omnibus
418 1129 526 1195 rebus
555 1127 778 1195 occultandis
808 1127 895 1194 adeo
928 1127 1163 1206 delectantur,
1199 1133 1235 1194 ut
1266 1129 1343 1194 bos

217 1262 388 1330 persaepe
408 1243 486 1312 sine
511 1243 585 1310 ulla
604 1263 713 1311 causa
733 1243 768 1309 id
789 1261 893 1329 agere
913 1243 1059 1310 dixeris.
1090 1243 1213 1328 ltaque
1238 1243 1341 1310 tictis

218 1359 427 1428 nominibus
458 1360 673 1445 plerumque
700 1359 882 1444 appellant
911 1377 985 1426 non
1012 1359 1131 1426 solum
1158 1359 1340 1428 mulieres

218 1494 308 1560 quas
328 1495 348 1542 a
368 1494 405 1542 se
425 1475 525 1561 diligi
545 1475 657 1553 aiunt,
681 1475 743 1542 scd
763 1474 871 1541 etiam
893 1474 1075 1560 principes
1095 1493 1254 1559 quorum
1276 1475 1339 1542 vel

217 1591 329 1660 tutela
344 1591 400 1658 vel
416 1591 573 1658 amicitia
589 1591 767 1668 nituntur,
786 1591 872 1656 dum
889 1595 1003 1657 artem
1020 1586 1153 1656 celandi
1172 1591 1336 1676 primam

218 1707 383 1774 omnium
398 1713 431 1774 et
447 1707 605 1774 maxime
621 1707 862 1790 necessariam
882 1707 998 1792 legem
1014 1725 1092 1774 esse
1106 1707 1333 1774 existimant.

217 1821 292 1904 Quo
307 1823 347 1890 fit
362 1828 402 1890 ut
421 1829 454 1890 et
474 1824 510 1890 in
527 1823 635 1890 rebus
650 1829 684 1890 et
705 1823 741 1889 in
757 1823 876 1892 verbis
896 1823 1021 1890 eadem
1040 1823 1335 1891 dissimulatione

218 1940 271 2007 uti
285 1940 434 2007 soleant.
450 1938 538 2007 Cum
553 1939 760 2024 antemium
776 1938 903 2024 primis
916 1939 1049 2024 lyricae
1063 1939 1181 2024 poesis
1194 1945 1335 2026 tempo·

170 2145 173 2154 ¹
217 2056 318 2122 ribus
342 2056 430 2122 baec
454 2055 583 2140 placita
611 2054 769 2141 viguisse
794 2059 944 2133 constet,
968 2054 1019 2120 nil
1045 2055 1180 2121 mirum
1201 2055 1232 2122 si
1256 2056 1329 2141 jam

217 2177 295 2239 tum
311 2173 354 2240 de
374 2172 528 2238 obscuro
544 2171 723 2238 scribendi
739 2188 869 2256 genere
885 2171 928 2237 ab
948 2169 1178 2238 Australibus
1194 2172 1332 2240 disser-

216 2292 373 2355 tumest.
826 2369 830 2380 Ι

261 2402 360 2471 Adde
376 2404 472 2488 quod
488 2403 729 2469 provinciales
745 2402 848 2487 lyrici
864 2403 931 2470 boc'
947 2403 1105 2470 maxime
1121 2405 1330 2488 spectabant

217 2525 256 2586 ut
282 2537 449 2604 proceres
473 2519 696 2586 carminibus
721 2518 963 2597 delectarent;
987 2519 1075 2603 quin
1102 2519 1211 2585 etiam
1238 2520 1330 2588 inter

161 2657 166 2666 ·
216 2633 403 2702 Australes
423 2639 546 2720 poetas
570 2634 770 2720 permultos
790 2635 929 2701 nobiles
954 2633 1065 2702 tuisse
1085 2640 1238 2702 constat.
1266 2634 1328 2717 Qui

216 2750 347 2817 humili
374 2750 452 2817 loco
479 2755 581 2817 erant
612 2749 750 2816 nobiles
777 2749 874 2835 ipsos
904 2755 1045 2826 tantum
1075 2751 1324 2819 observabant.

217 2865 317 2946 Nam,
336 2884 420 2933 cum
442 2884 505 2951 per
524 2867 590 2933 hos
611 2866 823 2952 praesertim
843 2866 976 2934 lamam
997 2871 1059 2934 aut
1079 2866 1223 2935 divitias
1243 2887 1327 2936 con-

217 2981 317 3066 sequi
334 2987 493 3066 possent,
512 2982 603 3048 nihil
619 2982 661 3049 de
678 2982 778 3068 vulgi
798 2981 966 3067 opinione
982 2983 1169 3050 curabant.
1193 2983 1323 3070 Itaque,

217 3114 301 3164 cum
328 3097 535 3165 lectissimis
562 3097 661 3176 viris,
696 3098 874 3182 exquisito
906 3116 970 3182 pro
1002 3098 1073 3166 illis
1105 3101 1326 3186 temporibus

216 3213 350 3298 judicio
371 3215 553 3299 praeditis,
577 3234 635 3281 ars
656 3214 813 3300 putidior
833 3233 905 3281 non
924 3214 1140 3300 displiceret,
1163 3217 1233 3285 boc
1252 3218 1325 3303 ipso

217 3335 341 3414 poetae
365 3349 406 3397 co
426 3330 567 3397 lucilius
594 3331 738 3397 adducti
765 3335 850 3397 sunt
876 3335 915 3397 ut
942 3331 1111 3417 ambigua
1137 3336 1172 3400 et
1199 3333 1325 3400 inflexa

216 3447 377 3514 oratione
402 3447 618 3532 plerumque
639 3451 837 3513 uterentur.
866 3447 958 3513 Illud
983 3447 1142 3532 proiecto
1162 3449 1233 3516 dici
1257 3467 1325 3516 non

216 3566 343 3648 potest,
366 3561 608 3630 Provinciales
629 3562 816 3629 molestam
839 3562 1038 3630 orationem
1059 3564 1104 3630 ob
1119 3566 1200 3632 eam
1214 3565 1323 3634 solam

215 3696 362 3746 causam
375 3678 560 3745 allectasse
573 3677 655 3763 quia
669 3679 877 3764 proceribus
889 3679 1104 3765 plerumque
1115 3681 1319 3758 scriberent,

216 3795 277 3862 sed
292 3794 325 3861 id
338 3799 444 3874 certe,
459 3795 540 3862 illos
555 3795 602 3862 ita
615 3795 721 3862 citius
733 3795 928 3861 obscurum
943 3813 1057 3880 genus
1071 3798 1318 3884 assumpsisse,

214 3915 366 3978 constat.

259 4025 349 4094 Fieri
369 4025 477 4093 etiam
499 4026 614 4111 potuit
630 4031 667 4093 ut
689 4025 803 4111 lyrici,
822 4045 905 4092 cum
927 4027 1065 4112 poesim
1082 4047 1187 4096 suam
1205 4045 1317 4098 rerum

216 4143 359 4232 inopem
398 4161 476 4210 esse
514 4142 776 4232 perspicerent,
822 4142 916 4211 hanc
959 4145 1114 4233 quadam
1154 4143 1316 4219 orationis
