2860 4952
568 377 745 450 -65-

4 610 7 623 ·
75 597 123 644 se
153 581 261 664 aptae
286 580 546 665 colligataeque
571 577 670 665 sint),
694 585 890 666 utrumque
916 579 1034 664 poesis
1060 577 1213 648 termam

3 672 4 681 ἵ
74 699 281 761 externam
303 701 385 762 ante
400 696 522 762 omnia
543 697 707 781 posuisse
727 703 760 762 et
781 695 947 762 similiter
967 695 1212 763 desinentium

3 796 5 809 '
76 809 1212 896 verborumelectionempermagniaestimasseliquet.Quodsi

75 922 190 990 illius
216 925 428 1009 peritissimi
451 932 576 1011 poetae
597 926 774 993 sententia
798 925 875 993 sine
903 925 976 992 ulla
1003 927 1212 1012 exceptione

2 1056 6 1069 ·
74 1037 232 1106 laudari
249 1058 322 1106 non
339 1045 467 1126 potest,
491 1041 578 1127 qnid
599 1042 642 1110 de
662 1041 845 1107 Guillelmi
862 1040 1031 1126 opinione
1051 1041 1212 1108 sentien-

1 1144 5 1245 s
75 1151 215 1220 dum‘?

1 1252 2 1263 ¹
129 1267 310 1354 Equidem
324 1271 401 1338 fieri
413 1277 529 1358 potest
544 1278 582 1339 ut
593 1271 654 1340 illa
669 1271 898 1340 versificandi
910 1271 1000 1340 ratio
1014 1271 1210 1358 probabilis

1 1423 2 1463 3
75 1387 268 1455 videatur.
284 1387 375 1454 Nam
389 1387 451 1473 qui
465 1406 505 1454 ea
519 1393 726 1474 poematum
742 1406 873 1473 genera
887 1393 1014 1455 tractat
1028 1387 1063 1453 in
1078 1385 1211 1473 quibus

1 1556 5 1593 a,
74 1519 266 1569 versuum
282 1503 540 1570 struendarum
562 1522 670 1570 causa
692 1503 805 1570 multa
827 1503 1083 1588 impedimenta
1100 1519 1210 1588 supe-

1 1636 3 1653 ·
74 1617 201 1683 randa
218 1623 315 1696 sunt,
335 1619 421 1684 dum
439 1635 586 1685 omnem
603 1617 763 1686 laborem
784 1620 828 1686 ad
849 1618 957 1686 verba
973 1617 1208 1686 consonantia

74 1733 253 1818 eligenda
269 1733 459 1818 impendit,
484 1735 567 1818 quia
584 1754 648 1820 per
663 1736 752 1801 baec
772 1733 983 1820 praesertim
1004 1751 1110 1802 aures
1132 1751 1210 1819 por-

3 1907 4 1916 ,
76 1847 250 1915 mulcere
266 1849 378 1934 cupit,
397 1849 427 1915 is
444 1849 542 1916 illam
560 1849 801 1935 componendi
817 1849 992 1916 rationem
1008 1848 1087 1934 juro
1103 1867 1208 1916 assu-

75 1964 165 2030 mit.
179 1963 273 2030 Haec
284 1965 381 2030 enim
396 1965 611 2032 adhibeatur
624 1965 668 2031 ad
680 1965 740 2030 illa
753 1970 959 2050 poematum
974 1983 1103 2050 genera
1116 1981 1207 2050 (luae

75 2079 313 2174 existimator
338 2079 485 2164 quidam
511 2079 654 2146 subtilis
680 2079 835 2165 appellat
866 2099 881 2142 a
905 2097 1019 2164 nugas
1041 2077 1206 2164 implica-

77 2201 140 2262 tas
145 2247 214 2262 .....
251 2195 289 2261 in
324 2195 457 2280 quibus
491 2195 726 2262 consonantia
762 2195 869 2262 verba
904 2194 1006 2280 quasi
1042 2211 1202 2280 regnato,

76 2311 279 2396 imperare,
308 2307 428 2375 oracta
456 2307 595 2395 qipuerc
619 2310 817 2376 videntum.
843 2331 859 2375 u
885 2309 1021 2388 Nonne,
1049 2310 1204 2396 oxeiupli

76 2444 206 2503 causa,
226 2425 377 2510 quilibet
393 2425 572 2492 Australis
593 2429 707 2510 poeta,
730 2422 894 2490 reatinam
918 2425 1131 2510 scripturus,
1156 2425 1204 2512 (id

1 2587 3 2613 .
76 2546 136 2607 est
163 2557 294 2624 poema
319 2540 398 2626 ejus
428 2541 570 2625 generis
595 2545 634 2608 ut
661 2541 697 2606 in
725 2541 794 2608 boc
821 2539 910 2606 nibil
938 2539 983 2606 sit
1009 2539 1104 2625 quod
1132 2557 1203 2607 non

78 2655 204 2722 verbis
224 2657 511 2724 consonantibus
531 2651 771 2741 subjiciatur),
795 2654 954 2740 primum
976 2655 1020 2722 ad
1042 2655 1150 2722 verba
1166 2655 1202 2722 in

2 2810 5 2826 ·
75 2770 256 2838 extremis
270 2771 437 2838 versibus
452 2771 662 2838 collocanda
678 2771 842 2836 animum
859 2767 1100 2838 intendebat?

10 2879 17 2888 '
123 2885 221 2952 Haeo
248 2905 268 2951 a
292 2884 486 2952 Gaillelmo
513 2886 583 2952 dici
610 2885 779 2972 oportuit,
807 2885 837 2952 si
865 2885 971 2952 modo
1000 2885 1201 2953 doctrinam

77 3001 189 3068 suam
203 3001 349 3086 probari
362 3001 548 3069 voluisset.
565 3001 604 3067 ln
618 3021 659 3069 eo
673 3002 782 3087 igitur
797 3001 1025 3086 potissimum
1042 3001 1202 3086 peccavit

77 3116 180 3200 quod
194 3115 339 3182 nullum
356 3121 611 3202 argumentum
627 3118 670 3183 ad
685 3117 900 3184 sententiam
913 3117 1200 3184 continuandam

76 3231 214 3298 attulit.
239 3229 392 3310 Etenim,
412 3250 497 3298 cum
518 3238 660 3317 poetam
677 3233 841 3299 bortatur
857 3237 895 3298 ut
916 3231 1074 3318 primum
1093 3232 1200 3300 verba

75 3346 332 3424 consonantia,
351 3347 480 3413 deinde
497 3348 712 3414 sententiam
730 3345 901 3425 inveniat,
921 3365 992 3414 non
1013 3365 1097 3414 eum
1119 3352 1199 3415 tan-

75 3465 158 3527 tum
185 3466 323 3544 spectat
345 3461 407 3546 qui
432 3461 578 3546 aliquod
604 3480 731 3547 poema
751 3462 795 3528 ad
817 3467 932 3530 certas
958 3461 1065 3548 leges
1091 3462 1124 3530 io
1146 3468 1199 3531 est

75 3579 177 3642 certo
200 3576 397 3643 vorborum
424 3576 591 3643 similiter
618 3577 861 3643 desinentium
889 3577 1014 3645 ordine
1042 3581 1194 3658 servato,

73 3691 158 3758 vult
189 3708 420 3776 componere,
457 3692 520 3758 sed
553 3692 751 3776 quemlibet
782 3695 936 3777 poetam,
973 3711 1057 3760 cum
1088 3693 1197 3761 verbo

74 3802 216 3892 (dictat)
245 3805 342 3892 quod
370 3824 478 3873 omne
512 3807 693 3892 poeticum
725 3824 816 3892 opus
848 3807 1051 3893 significare
1081 3813 1196 3894 potest

74 3925 212 3989 utatur.

109 4103 137 4158 1.
159 4117 174 4155 u
194 4098 365 4172 Bagatelles
375 4101 577 4173 comptiqudea
580 4145 634 4158 .....
648 4102 686 4158 od
701 4103 731 4159 la
745 4102 821 4159 rime
834 4107 878 4160 est
891 4119 926 4160 en
943 4101 1012 4161 eliel
1023 4103 1106 4162 reine
1122 4109 1195 4162 mal·

73 4189 165 4244 tresue
178 4191 208 4242 et
222 4186 415 4257 generatrice.
432 4203 447 4242 u
467 4187 496 4242 J.
512 4187 674 4256 Leucadio,
690 4187 748 4243 Lea
763 4187 1023 4264 Contemporcias.
1041 4191 1075 4258 (Ι,
1091 4207 1120 4262 p.
1138 4191 1193 4255 16).

1115 4286 1133 4354 5
