2860 4952
695 366 872 441 ...60-

271 569 456 659 Siquidem
470 573 526 640 his
538 573 658 640 verbis
671 574 881 662 Molinarius
895 574 1139 659 quorumdam
1152 579 1344 660 poetarum

226 689 423 774 nequitiam
440 690 637 757 detrectare
653 690 690 756 in
706 691 828 756 animo
844 690 962 767 habet,
986 690 1145 776 proiecto
1164 691 1216 756 sic
1235 691 1278 756 de
1301 689 1346 756 iis

226 805 287 890 qui
308 805 501 890 pastoralia
516 806 678 873 carmina
694 806 934 873 condiderunt
949 806 1046 872 haud
1066 805 1202 891 injuste
1216 805 1347 872 existi-

226 927 300 989 mat
319 939 325 986 :
349 940 432 988 nam
449 922 518 988 hoo
533 941 647 1008 genus
663 942 683 988 a
699 921 985 989 provincialibus
1000 921 1194 989 obscenius
1210 926 1347 989 tracta-

225 1043 302 1106 tum
317 1056 396 1105 esse
409 1037 636 1106 confitemur.

270 1153 332 1220 liie
348 1157 468 1220 autem
490 1155 533 1222 de
553 1154 657 1220 bonis
681 1154 855 1232 moribus,
879 1154 1083 1221 tumeliam
1102 1172 1188 1220 cum
1202 1153 1246 1222 de
1265 1153 1349 1220 sin-

225 1269 319 1355 guiis
339 1269 423 1356 agit,
443 1269 591 1337 laborat.
614 1271 776 1356 Namque
793 1271 829 1337 in
851 1269 949 1336 vitiis
967 1270 1012 1336 ad
1032 1287 1089 1336 res
1105 1269 1348 1337 attinentibus

224 1385 486 1472 turpitudinem
512 1383 737 1471 (deronestut)
764 1391 931 1452 numerat
957 1389 1002 1464 et,
1032 1386 1119 1452 dun]
1146 1385 1183 1450 in
1208 1386 1279 1452 hac
1310 1403 1349 1452 re

224 1507 482 1580 commoratur,
506 1521 615 1586 qnam
632 1502 735 1569 vaide
755 1502 791 1568 id
807 1501 937 1576 vitium
958 1501 1034 1568 tolli
1054 1501 1175 1586 cupiat
1201 1499 1348 1586 signifi-

224 1622 292 1684 cat.
316 1617 415 1684 Adde
436 1618 531 1703 quod
550 1618 608 1684 hic
628 1623 749 1704 aperte
766 1623 904 1684 veteres
924 1617 1057 1702 lyricos
1072 1635 1220 1702 carpere
1237 1617 1346 1684 vult:

270 1751 285 1794 u
313 1732 591 1800 Dezonestatzes
605 1735 786 1800 canthum
802 1734 872 1800 ditz
887 1751 933 1800 en
949 1751 1008 1800 sos
1022 1732 1150 1814 dictatz
1171 1733 1347 1818 paraulas

224 1849 444 1926 dezonestas,
460 1850 597 1936 lagenas
611 1869 629 1918 e
641 1849 774 1946 viltatz,
789 1849 992 1934 majormen
1005 1867 1050 1916 en
1063 1866 1186 1941 canso,
1201 1849 1347 1934 laqueis

224 1965 293 2031 deu
317 1983 416 2032 esser
435 1966 478 2032 de
499 1966 574 2032 bels
591 1971 684 2032 motz
705 1966 892 2032 honestze
918 1965 1025 2050 politz
1045 1983 1064 2031 e
1084 1966 1153 2032 ben
1178 1970 1345 2049 pauzatz.

223 2080 327 2165 Aquo
347 2087 484 2166 meteys
504 2086 585 2148 cant
607 2082 692 2147 hom
713 2081 891 2148 denianda
912 2100 1021 2148 causa
1044 2081 1248 2157 dezonesta,
1270 2098 1347 2146 non

224 2196 454 2264 drechuriera
477 2216 495 2264 e
516 2215 562 2263 no
582 2197 837 2282 aprosrchabia,
861 2215 881 2263 o
901 2215 971 2281 que
994 2214 1040 2262 no
1060 2214 1099 2262 es
1123 2195 1344 2272 necessaria,

224 2330 326 2379 coma
341 2313 370 2378 si
385 2313 470 2379 hom
485 2332 529 2379 en
544 2331 602 2380 sos
616 2318 759 2378 cantars
771 2312 948 2378 uenianoa
961 2331 980 2376 a
994 2330 1032 2377 sa
1044 2311 1138 2378 dona
1152 2310 1235 2394 quel
1250 2311 1347 2378 done

224 2446 273 2492 un
287 2428 417 2513 bayzar
431 2428 623 2513 oi'nutreje
637 2434 739 2494 antra
753 2448 861 2494 canza
876 2428 958 2514 ptus
973 2431 1120 2512 secreta.
1136 2425 1174 2492 Et
1188 2444 1233 2492 en
1248 2427 1347 2492 aisso

224 2562 354 2630 granre
370 2545 447 2612 dats
468 2545 582 2612 anticz
603 2546 791 2612 trobadors
812 2545 839 2610 si
867 2562 932 2610 son
953 2548 1098 2629 peccat;
1122 2560 1213 2626 quar
1233 2560 1283 2608 no
1309 2559 1347 2608 es

224 2679 331 2736 canza
357 2662 518 2740 honesta,
542 2661 785 2738 drechuriera,
813 2659 1056 2745 aprofichabia
1079 2658 1116 2727 ni
1139 2658 1347 2727 necessaria
1428 2682 1429 2701 Ι

224 2794 293 2860 que
309 2795 377 2860 yeu
399 2777 575 2844 demanda
592 2795 660 2862 que
677 2777 726 2842 mi
743 2777 834 2842 dous
850 2776 893 2841 de
908 2794 977 2860 cup·
997 2773 1091 2840 canti
1109 2773 1278 2840 medone
1298 2791 1347 2841 un

223 2892 383 2977 bap'zar'.
404 2913 419 2956 u

224 3126 277 3179 huc
297 3126 414 3196 saepius
435 3143 523 3196 quam
546 3126 576 3180 in
598 3126 703 3180 ceteris
726 3125 841 3195 peccari
864 3126 960 3190 solet),
982 3121 1110 3192 nequid
1133 3121 1196 3176 vile
1217 3126 1347 3192 turpeve

223 3209 340 3266 dicatur·
360 3229 435 3266 neve
455 3211 530 3281 quod
552 3217 637 3280 turpe
658 3211 774 3266 facinus
795 3210 995 3279 depingatur;
1018 3224 1086 3262 nam
1109 3206 1158 3261 vir
1181 3211 1210 3261 et
1233 3207 1346 3262 mulier

224 3294 302 3349 inter
317 3313 347 3350 se
363 3296 486 3351 irridere
506 3300 535 3351 et
555 3295 656 3350 ludere
677 3299 808 3365 possunt,
826 3311 879 3349 nec
899 3293 1010 3348 idcirco
1032 3293 1084 3346 hos
1100 3290 1264 3361 quidquem
1281 3291 1346 3346 vile

223 3383 347 3449 turpeve
360 3382 456 3434 iacere
471 3385 522 3435 aut
537 3380 635 3434 dicere
649 3396 766 3434 necesse
781 3384 835 3434 est.
853 3394 867 3430 u
888 3379 922 3444 (l,
939 3394 967 3447 p.
984 3375 1058 3434 346».

259 3494 284 3548 1.
307 3508 321 3546 u
341 3495 507 3565 Turpitudo
524 3497 556 3550 fit
576 3511 643 3549 cnm
661 3495 727 3564 quis
748 3493 778 3548 in
799 3492 919 3562 seriptis
939 3490 1106 3546 inhonestis
1126 3489 1225 3545 verbis
1246 3490 1345 3546 utitur

224 3583 253 3634 et
273 3579 473 3634 rusticitatem
495 3579 768 3648 obscenitatemque
788 3577 921 3643 adhibet,
938 3575 1114 3646 praesertim
1136 3574 1169 3628 in
1190 3574 1342 3641 cantione,

224 3681 311 3734 quam
329 3665 494 3734 e¹pulchris
509 3665 618 3731 verbm,
637 3664 779 3727 honestis
796 3662 928 3728 urbanis
946 3665 1023 3716 recte
1039 3659 1191 3714 collocatis
1206 3665 1344 3716 constare

223 3749 317 3804 decet.
330 3749 495 3818 Turpitudo
509 3749 542 3804 fit
557 3749 647 3804 etiam
663 3765 730 3802 eum
747 3764 791 3801 res
803 3747 970 3809 inhonesta,
984 3743 1104 3810 illicita,
1119 3741 1248 3809 inutilis,
1261 3743 1343 3799 haud

223 3832 389 3887 necessaria
413 3832 548 3902 petitur;
570 3833 650 3887 istud
670 3833 713 3897 fit,
735 3830 865 3900 exempli
890 3829 995 3898 gratia,
1019 3844 1087 3882 eum
1112 3827 1144 3881 in
1169 3827 1305 3882 carmine
1326 3844 1343 3882 a

223 3916 346 3972 domina
364 3918 497 3970 osculum
519 3921 571 3972 ant
590 3916 691 3971 minus
711 3916 801 3969 etiam
825 3913 1010 3983 vulgandum
1033 3912 1144 3965 donum
1167 3910 1290 3980 petitur.
1309 3912 1341 3965 In
1426 3960 1428 3969 ,

224 4003 278 4056 hoc
293 4007 392 4055 autem
410 4001 498 4055 multi
515 4006 629 4055 veteres
646 3999 733 4070 lyrici
750 4003 967 4068 peccaverunt;
984 4001 1028 4051 est
1041 3995 1121 4049 enim
1136 3995 1339 4060 inhonestum,
1428 3988 1429 3993 '

223 4085 377 4149 illicitum,
399 4084 518 4150 inutile,
543 4085 621 4139 haud
647 4083 846 4138 necessarium
870 4099 887 4138 a
908 4081 1031 4138 domina
1055 4096 1129 4151 quac
1151 4077 1340 4150 praedicatur

222 4171 354 4226 osculum
373 4169 444 4240 peti.
462 4185 476 4222 u
497 4170 561 4235 (ΙΙΙ,
579 4185 606 4239 p.
624 4168 696 4232 122).
1136 4167 1139 4170 ’
