2860 4952
578 369 756 442 -69..

85 575 175 638 tur.
201 569 327 638 Nonne
351 571 449 637 enirn
469 571 785 670 iterurneanrdern
807 590 882 638 rem
909 571 1102 656 eloquitur,
1125 589 1222 650 cunr,

87 693 300 773 postquam
321 687 410 753 dixit
435 687 573 771 poesim
599 688 678 753 ideo
703 687 892 753 inventarn'
909 705 988 754 esse
1014 687 1225 772 utquisque

87 807 201 870 recte
234 809 267 868 et
299 803 369 869 cito
398 817 489 887 opus
522 803 672 869 recitare
707 797 838 888 posset,
874 803 972 870 addit
1001 821 1064 888 per
1095 803 1225 871 verbo-

87 937 189 984 rum
223 923 441 984 concentum
471 918 580 984 verba
612 918 690 1002 ipsa
730 917 861 984 melius
900 917 1088 985 inanimo
1118 917 1224 1004 deligi

88 1031 256 1101 solere?

147 1149 322 1216 Earndern
342 1149 643 1234 vituperationem
664 1150 760 1216 subit
776 1149 820 1216 ob
840 1167 881 1216 ea
901 1167 992 1234 quae
1007 1167 1050 1216 ex
1067 1149 1224 1234 quodarn

91 1266 255 1350 quintae
270 1264 382 1349 partis
398 1263 476 1331 loco
492 1265 565 1350 jain
586 1283 834 1350 excerpenrus
854 1264 1005 1349 Exponit
1021 1269 1142 1330 autern
1160 1282 1225 1332 cur

95 1381 180 1447 sint
198 1379 260 1464 qui
274 1398 418 1446 surnrna
434 1379 644 1447 difficultate
658 1379 816 1446 scribant
830 1385 863 1446 et
879 1379 1060 1464 quornodo
1076 1379 1160 1445 huic
1174 1379 1224 1445 rei

92 1494 248 1562 occurri
272 1495 396 1580 possit.
414 1493 576 1561 Prirnurn
593 1495 689 1561 enim
707 1495 903 1561 nonnullos
924 1493 1090 1561 homines
1106 1493 1224 1579 poesis

93 1611 224 1678 taedio
240 1610 331 1695 capi,
350 1610 445 1695 quod
467 1616 595 1676 natura
617 1609 791 1677 tardiores
807 1615 840 1676 et
856 1609 1021 1677 duriores
1041 1609 1085 1676 ad
1106 1609 1224 1676 studia

49 1709 53 1716 ⁸
93 1726 188 1804 sint,
208 1725 389 1792 affirmat:

148 1862 165 1904 u
195 1841 317 1926 Alqun
331 1843 438 1908 horne
454 1860 519 1907 son
534 1841 677 1926 enayssi
691 1842 778 1908 durs
792 1859 861 1925 que
875 1860 894 1907 a
909 1859 1019 1926 penas
1035 1841 1153 1926 podon
1170 1840 1224 1906 lar

95 1957 256 2023 aeordar
277 1975 319 2022 us
337 1961 410 2022 rnot
431 1957 475 2022 ab
495 1961 619 2036 autre;
643 1975 661 2022 e
682 1975 796 2042 pueys
817 1975 880 2042 per
900 1957 932 2022 la
954 1974 1043 2042 gran
1064 1957 1224 2042 llaqueza

10 2095 11 2098 ¹
96 2090 174 2156 que
192 2071 265 2137 han
281 2071 325 2137 ad
339 2089 445 2156 aysso
460 2071 524 2150 lar,
541 2072 565 2137 il
583 2090 731 2138 remano
744 2089 846 2138 corna
861 2071 1001 2156 quaysh
1018 2071 1224 2156 dezesperat

10 2239 12 2244 ,
95 2188 248 2272 d'aysso
274 2187 358 2263 lar;
392 2189 576 2273 epueysh
606 2187 790 2272 d’aquesta
819 2188 1077 2272 dezesperansa
1108 2187 1223 2271 naysh

10 2289 13 2334 ‘²
96 2307 313 2387 mespretz;
345 2303 375 2368 si
396 2322 465 2387 que
485 2309 611 2388 aquest
632 2303 736 2370 saber
760 2304 832 2368 lian
857 2321 901 2370 en
927 2305 1104 2386 mespretz
1129 2320 1147 2368 e
1168 2301 1223 2368 lor

10 2403 12 2494 ζ
96 2417 276 2502 desplatz,
296 2437 387 2501 qrrar
409 2435 519 2484 vezon
535 2435 604 2502 que
620 2418 645 2483 il
666 2435 712 2484 no
733 2417 852 2502 podon
868 2417 1018 2484 atenher
1033 2416 1076 2482 ad
1097 2420 1223 2500 aquest

96 2532 273 2600 saberto

10 2733 11 2738 ἵ
146 2647 229 2724 Sed,
254 2653 293 2714 ut
313 2648 372 2726 ait,
396 2648 504 2714 iidern
526 2649 623 2733 poesi
644 2648 909 2715 delectarentur
929 2647 958 2713 si
980 2647 1087 2731 paulo
1107 2646 1223 2731 magis

10 2739 22 2801 *-
97 2764 269 2852 laborare
281 2763 426 2830 vellent.
440 2763 529 2829 Narn
544 2783 759 2848 persuasum
773 2763 879 2830 habet
890 2781 1017 2830 onines
1028 2781 1088 2829 eos
1100 2767 1222 2848 poetas

10 2907 12 2942 ;
96 2877 256 2946 evadere
274 2897 377 2964 posse
394 2879 456 2964 qui
479 2879 585 2946 verba
606 2879 699 2946 inter
715 2897 752 2945 se
770 2877 997 2945 concinentia
1014 2877 1194 2962 reperiant
1213 2895 1219 2942 :

10 3027 12 3082 3
98 2993 195 3060 nihil
212 2999 333 3060 autern
351 2994 420 3060 nisi
441 2994 550 3061 verba
570 2995 737 3060 sirniliter
750 2994 949 3060 desinentia
965 2989 1025 3078 (les
1043 2989 1161 3077 cirues)
1180 3009 1222 3059 eo

96 3111 181 3176 loco
196 3109 387 3194 significat.
410 3109 543 3176 Deinde
559 3110 646 3176 haec
662 3109 759 3175 addit
777 3128 784 3176 :

151 3243 166 3286 u
194 3221 289 3303 Quar
312 3242 384 3290 non
407 3243 445 3290 es
465 3225 578 3309 degus
600 3225 717 3301 horne,
741 3241 805 3308 per
824 3228 908 3290 eant
928 3241 997 3308 que
1018 3223 1070 3289 sia
1090 3223 1178 3289 durs
1204 3239 1222 3288 e

10 3317 12 3356 ξ
100 3339 226 3416 rudeS,
250 3358 331 3424 que,
355 3339 385 3405 si
405 3339 464 3406 vol
493 3359 541 3406 un
571 3339 657 3424 petit
678 3339 871 3406 cossirare
897 3338 1080 3405 trebalhar
1104 3357 1149 3405 en
1169 3337 1223 3404 iar

10 3521 12 3540 ‚
101 3455 323 3522 acordansas
343 3455 386 3522 de
407 3461 501 3523 urolz
521 3475 540 3524 e
560 3457 603 3522 de
623 3455 803 3540 paruulus,
827 3473 896 3538 que
921 3472 994 3521 non
1018 3454 1065 3521 ho
1090 3472 1222 3540 puesoa

138 3731 165 3785 1.
187 3743 202 3782 «
223 3728 370 3784 Nonnulli
386 3733 448 3783 tam
468 3728 552 3782 tardo
567 3727 688 3796 ingenio
705 3732 775 3782 sunl
789 3731 822 3782 ut
837 3727 891 3794 viu
905 3727 1030 3782 verbum
1046 3725 1136 3781 verbo
1151 3742 1222 3780 oon-

10 3821 12 3856 l
101 3819 243 3884 gruenter
259 3814 396 3882 copulare
409 3812 523 3882 possint
538 3829 545 3879 3
566 3812 674 3866 deiude
687 3813 723 3867 ob
739 3828 878 3881 magnam
892 3811 923 3865 in
940 3813 994 3866 hoc
1010 3810 1146 3865 faciendo
1161 3814 1222 3865 tar-

98 3899 240 3963 ditatem,
265 3898 349 3967 quasi
370 3897 466 3967 operis
490 3897 664 3966 perficiendi
689 3913 771 3966 spem
797 3896 955 3965 abjiciunt,
979 3895 1087 3949 deinde
1109 3911 1144 3949 ex
1164 3894 1223 3950 ista

10 4023 11 4040 1
100 3983 199 4038 animi
216 3981 397 4036 demissione
410 3985 598 4050 contemptus
613 3981 742 4047 exsistit,
756 3981 888 4035 utillum
902 3983 996 4034 artem
1010 3978 1178 4048 despiciant
1193 3982 1222 4033 et

99 4067 229 4206 ode3rint‚
246 4081 313 4120 cum
330 4082 360 4123 se
372 4066 409 4124 ad
423 4065 558 4124 eamdem
575 4066 731 4141 pervenire
747 4082 804 4120 uon
821 4053 904 4143 po'sse
917 4063 1105 4132 intellegant.
1122 4078 1136 4116 u
1157 4063 1220 4136 (ΙΙΙ,

100 4169 130 4230 p.
164 4151 220 4220 60).
