2860 4952
554 385 730 469 ..aq-

18 569 20 662 l
92 581 1198 682 inritumhonorificentissimaquroemsollemnissimam

92 711 177 779 nihil
192 715 245 780 est
265 711 424 798 prolecto
439 726 505 780 our
521 729 594 778 non
610 712 695 780 huic
710 711 951 780 assentiamur
967 730 973 778 :

132 847 147 891 1
174 827 199 895 Ε
227 828 261 894 lo
285 828 427 896 meiller
452 827 608 896 trobaire
628 846 697 914 que
722 846 836 913 negus
862 827 1023 914 d'aquels
1049 828 1198 914 qu’eron

27 1014 28 1017 ,
89 949 174 1011 estat
200 945 318 1012 donau
348 944 385 1010 ni
414 943 518 1011 toron
545 961 650 1030 apres
674 943 726 1011 lui
743 959 838 1029 aper
864 962 933 1029 que
960 945 994 1011 io
1023 945 1197 1030 appellato

29 1056 32 1101 ;
89 1065 238 1128 maestre
258 1060 334 1128 deis
354 1060 543 1127 trobadors
563 1064 597 1126 et
616 1077 655 1127 es
680 1077 790 1127 anoar
810 1077 873 1145 per
893 1064 962 1128 totu
983 1061 1107 1146 aquals
1128 1079 1197 1147 quo

87 1175 152 1242 ben
175 1176 357 1245 entendon
377 1177 506 1247 subtils
531 1176 601 1247 ditz
629 1176 665 1246 ui
691 1177 761 1246 ben
781 1181 928 1266 pauzatz
949 1176 1087 1248 d'amor
1110 1196 1129 1245 e
1153 1179 1196 1248 de

86 1291 174 1360 sen¹.
196 1312 212 1358 1

609 1529 670 1622 *ἢ*

125 1849 172 1916 Ex
188 1847 353 1934 allegatis
368 1849 456 1916 locis
476 1854 616 1916 constat
636 1846 835 1934 Lyricorum
854 1846 945 1916 Vitas
961 1867 1033 1917 non
1053 1853 1194 1916 tantum

58 1994 60 2055 ³2
84 1965 123 2031 ad
148 1983 270 2032 mores
291 1969 353 2032 aut
374 1965 484 2032 vitam
506 1970 694 2050 poetarum
715 1966 905 2050 pertinere,
934 1967 996 2032 sed
1020 1965 1127 2032 etiam
1152 1966 1195 2033 de

60 2080 214 2148 horum
248 2081 430 2166 operibus,
467 2079 562 2148 tama
593 2081 810 2168 ingenioque
843 2081 958 2148 multa
991 2080 1195 2168 testimonia

83 2197 390 2264 existimatoribus
411 2198 592 2283 praebere.

124 2311 225 2392 Quod
241 2313 271 2380 si
292 2313 467 2380 nonnulla
481 2314 613 2380 horum
633 2313 851 2398 judiciorum
865 2312 999 2380 leviora
1012 2317 1045 2380 et
1065 2331 1195 2398 parum

62 2418 65 2505 ἶ
83 2430 228 2496 subtilia
249 2430 429 2507 videntur,
454 2429 730 2496 meminerimus
750 2434 871 2494 tamen
895 2428 982 2495 haec
1002 2449 1021 2495 a
1042 2429 1195 2514 scripto-

63 2545 181 2611 ribus
209 2544 302 2612 lacta
331 2563 421 2623 esse,
449 2544 581 2630 quibus
611 2544 808 2629 lyricorum
836 2562 943 2629 opera
968 2544 1083 2628 magis
1112 2550 1195 2611 nota

66 2666 181 2727 crant
209 2679 319 2745 quam
345 2660 449 2749 nobis
475 2665 571 2726 sunt.
601 2659 735 2744 ltaque,
765 2659 1088 2744 quantulicumque
1115 2678 1195 2727 mo-

66 2775 192 2842 urenti
215 2779 300 2842 sunt
320 2776 447 2853 multa,
468 2793 540 2843 non
560 2775 824 2842 contemnenda
844 2776 947 2841 nobis
969 2775 1147 2844 videntur.

33 2922 34 2927 =
122 2889 323 2958 Careamus
351 2895 386 2958 et
415 2909 459 2958 ne
491 2891 534 2957 iis
560 2891 622 2976 qui
646 2887 736 2956 litus
764 2891 987 2976 scripserunt
1014 2891 1082 2958 hoo
1109 2891 1194 2958 vitio

105 3012 277 3085 ertamus
305 3006 401 3092 quod
429 3025 501 3074 non
526 3006 740 3072 acerrimam
769 3005 955 3092 iudicandi
986 3005 1193 3073 facultatem

34 3112 35 3117 ’
57 3106 365 3217 ᾖᾱεεΙετενε11111ε
388 3141 473 3189 nam
494 3140 566 3189 non
587 3122 621 3190 id
647 3121 713 3188 sibi
735 3121 966 3208 potissimum
991 3139 1192 3207 proposue-

112 3371 137 3425 1.
159 3386 174 3423 (1
195 3371 369 3434 Quemlibet
379 3372 427 3426 vol
439 3370 624 3440 superiorum
636 3371 684 3426 vel
696 3371 890 3440 posteriorum
905 3375 1058 3440 poetarum
1073 3371 1193 3441 ingenio

35 3454 42 3523 J
81 3455 253 3525 superavit:
275 3455 376 3525 itaque
396 3455 538 3525 magister
559 3455 721 3525 lyricorum
742 3457 909 3526 appellatus
929 3461 983 3522 est,
1004 3473 1131 3526 euntque
1151 3456 1193 3510 sio

82 3540 252 3594 etiamnunc
276 3541 431 3611 appellant
458 3540 638 3609 quicumque
665 3540 696 3594 in
722 3540 883 3595 subtilibus
910 3545 938 3595 et
962 3546 1041 3596 recte
1065 3540 1193 3596 conditis

27 3622 32 3661 ·²
82 3624 274 3692 carminibus,
287 3629 402 3680 teneros
415 3623 538 3679 allectus
551 3623 682 3679 simulet
695 3624 809 3694 ingenii
823 3641 947 3680 acumen
961 3625 1192 3692 declarantibus

82 3707 259 3779 intellegunt
280 3724 294 3761 o
320 3711 359 3778 (p.
381 3709 436 3774 14).
463 3739 495 3746 -
520 3709 590 3762 Alia
614 3708 727 3778 judicia
751 3709 830 3763 haud
854 3709 1066 3780 intempestive
1089 3709 1194 3765 afferre

12 3845 14 3854 ,
83 3809 241 3862 possemus,
259 3793 419 3863 quamdam
437 3792 626 3861 diligentiam
641 3791 852 3861 significantia.
871 3794 921 3849 Sic
936 3799 1003 3864 apte
1019 3794 1194 3850 existiman-

12 3875 14 3926 l
83 3882 128 3932 tur
143 3895 197 3933 nec
213 3878 399 3933 brevioribus
414 3876 513 3931 verbis
531 3895 537 3932 :
558 3878 709 3932 Arnaldus
724 3877 832 3932 Daniel
851 3881 890 3947 (p.
908 3879 963 3945 13),
981 3880 1066 3947 Hugo
1081 3879 1193 3935 Fuscus

12 3965 14 4018 2
81 3961 190 4030 (11.35),
208 3961 306 4018 Guido
321 3962 357 4017 de
373 3963 489 4018 Ussello
505 3966 533 4015 et
555 3963 660 4016 iratres
682 3967 711 4016 et
733 3962 876 4031 patruelis
899 3963 961 4031 ejus
977 3965 1017 4032 (p.
1033 3963 1089 4028 lo),
1107 3964 1193 4032 Hugo

12 4045 13 4066 ³
81 4045 114 4099 de
135 4047 244 4102 Sancto
260 4047 368 4118 Cynico
384 4049 424 4117 (p.
441 4047 498 4113 51),
520 4047 626 4101 Petrus
643 4045 813 4103 Cardinalis
829 4049 870 4117 (p.
886 4047 943 4114 62),
961 4049 1065 4103 Petrus
1080 4048 1192 4103 Vitalis

12 4147 14 4176 τ
82 4133 193 4201 (1164),
219 4133 403 4188 Rambaldus
427 4131 632 4187 Arausicensis
655 4134 695 4203 (p.
717 4131 772 4202 76),
800 4131 980 4194 Guillelmus
1008 4132 1191 4202 Reginotous

82 4218 119 4285 (p.
134 4215 189 4285 88),
205 4217 358 4274 Ferrarius
374 4219 412 4294 (p.
430 4215 505 4282 110).
