2860 4952
680 324 856 412 -.-Ξο.Γ

254 537 385 610 Iisdem
399 541 472 608 iere
485 541 605 610 verbis
619 541 783 608 eamdem
797 538 1012 608 sententiam
1029 537 1066 604 in
1079 536 1149 604 alio
1162 536 1341 604 carmine
1409 618 1414 627 1

210 659 409 744 profitetur,
427 662 678 744 praeterquam
700 657 807 742 quod,
824 655 1025 740 simplicem
1048 653 1185 739 poesim
1208 657 1341 720 tenta-

209 779 325 854 turus
342 774 410 841 sibi
425 773 586 841 diffidere
600 773 742 841 videtur
760 791 767 838 :

407 985 449 1045 At
463 986 538 1064 ptus
556 985 608 1046 lact
623 985 717 1064 qu’eu
731 985 781 1043 sai
796 985 850 1060 for
865 997 987 1053 consec,

462 1097 532 1139 com
546 1078 593 1137 cet
608 1097 668 1156 quc
682 1078 776 1138 daur'
789 1084 818 1137 et
833 1078 990 1153 estaipua,

408 1173 466 1231 m’t
480 1191 602 1249 cupreo
616 1191 698 1244 eros,
713 1189 783 1230 mas
799 1172 909 1247 doptos

461 1285 518 1324 son
533 1269 624 1338 mets]
642 1266 771 1338 suberis]
788 1283 829 1322 uo
844 1263 909 1322 s’en
923 1263 1067 1339 senipeta.

408 1359 478 1418 Mos
489 1378 548 1436 per
562 1359 609 1417 tol
624 1378 675 1418 me
685 1359 776 1435 plats
789 1357 917 1416 assatur

408 1471 478 1511 com
492 1452 544 1511 lcu
556 1458 728 1515 consepctu
743 1453 835 1528 feres,
1112 1513 1114 1521 Ι

407 1565 464 1605 cor
478 1565 511 1606 so
526 1545 688 1604 chont'om
699 1546 784 1602 mois
800 1545 884 1622 qu’es
897 1544 1026 1617 meitnls
1041 1563 1098 1603 cor
1115 1564 1124 1603 :

405 1639 571 1717 perequ’eu
586 1655 649 1700 vau
665 1639 785 1716 planen
802 1655 878 1697 mon
892 1637 1031 1697 chantar

408 1733 555 1793 d'escurs
572 1732 639 1792 ditz
658 1731 738 1790 c’om
754 1731 805 1790 lou
822 1731 1002 1808 t'aprezes¹.

252 1956 421 2044 Apertius
441 1954 635 2023 etiamalio
655 1955 733 2022 loco
749 1954 821 2040 agit
839 1972 846 2019 :
868 1973 952 2022 curn
965 1954 1039 2040 jam
1056 1973 1153 2022 nunc
1169 1975 1337 2042 persua-

210 2093 292 2142 sum
308 2073 436 2141 habeat
452 2071 538 2139 boni
553 2074 678 2156 poetae
693 2089 771 2138 esse
787 2088 914 2137 versus
928 2089 1018 2155 quos
1038 2089 1164 2139 omnes
1180 2072 1338 2142 intelle-

208 2194 294 2276 gant
313 2205 541 2274 componere‚
567 2205 609 2254 eo
628 2186 707 2272 ipso
729 2185 862 2253 indicat
882 2204 931 2265 se,
957 2187 1123 2271 quamvis
1143 2188 1187 2254 ad
1207 2191 1337 2276 magis

208 2306 321 2373 ardua
333 2304 495 2372 carmina
510 2303 698 2371 condenda
711 2302 862 2368 idoneus
878 2301 935 2376 sit,
952 2321 995 2370 ex
1008 2303 1186 2371 industria
1200 2308 1336 2373 tamen

208 2419 421 2488 dilucidiora
436 2419 594 2486 scribere
612 2437 619 2484 :

485 2613 512 2672 A
527 2631 630 2692 penos
645 2613 696 2672 sai
708 2629 876 2672 comessor

485 2726 533 2766 uo
546 2725 616 2765 vers
630 2725 690 2784 que
704 2706 801 2765 vuelh
814 2707 870 2782 far
883 2704 1005 2783 leupier
1018 2723 1030 2778 ;

486 2800 544 2859 csc'
558 2798 639 2856 m’oi
648 2804 756 2875 possut
770 2800 823 2857 des
838 2797 886 2857 t'er

487 2893 560 2971 quel
572 2895 653 2970 fozes
666 2894 704 2952 de
718 2893 766 2950 tol
778 2911 854 2951 razo

487 3005 546 3065 que
562 2987 722 3046 l'eoteodu
736 2992 802 3044 totu
817 3005 904 3063 pene,

486 3100 502 3139 c
517 3080 590 3158 quel
604 3080 681 3157 fass’
695 3098 715 3138 u
732 3079 947 3150 deuehuntur,

486 3173 608 3251 qu'ieut
619 3175 670 3250 fos
686 3193 746 3252 per
758 3173 843 3250 plan
857 3174 1020 3250 deportas.

205 3443 337 3503 obscuris
351 3444 451 3501 verbis
466 3445 510 3500 ita
524 3444 649 3517 expedio
664 3449 697 3500 ut
713 3446 829 3500 nullum
846 3445 984 3516 supersit.
1002 3459 1016 3497 u
1039 3443 1053 3519 ζ
1057 3443 1114 3500 Tot
1134 3449 1238 3502 soeret
1256 3464 1272 3502 e
1289 3445 1328 3506 de

198 3549 269 3606 pos,
283 3549 313 3586 v.
327 3531 384 3598 1-5,
401 3529 494 3603 Studj
509 3527 692 3602 difitolopia
706 3547 863 3590 romanco,
880 3535 901 3585 t.
916 3528 966 3597 V.‚
980 3547 1009 3600 p.
1024 3529 1086 3599 479,
1101 3545 1137 3586 ex
1153 3527 1286 3599 codL'H.)

240 3643 267 3698 1.
289 3657 303 3695 u
324 3643 365 3714 Ut
380 3641 431 3712 qui
446 3658 551 3697 aurum
567 3641 685 3696 inducit
704 3645 733 3696 et
752 3645 893 3696 stannum
912 3641 1055 3712 incoquit,
1074 3643 1118 3698 ita
1137 3660 1216 3699 nuno
1231 3661 1325 3714 quam

206 3726 376 3783 levissimas
387 3725 540 3780 cantiones
551 3725 676 3780 condere
691 3725 827 3792 instituo,
840 3726 890 3779 sed
903 3726 1050 3780 subtimeo
1061 3743 1097 3781 ne
1109 3744 1175 3783 mea
1189 3731 1326 3786 sollertia

206 3813 262 3866 hoc
273 3812 436 3879 frangatur.
449 3811 592 3864 Attamen
609 3809 708 3864 conari
719 3811 797 3875 volo,
809 3809 834 3864 si
850 3809 1073 3864 cantiunculam
1086 3812 1182 3867 facere
1194 3813 1306 3882 possim
1317 3833 1323 3883 ;

206 3911 277 3952 nam
296 3894 329 3948 id
348 3895 446 3965 potins
467 3894 581 3948 cantari
602 3896 676 3949 solet
691 3894 767 3964 quod
788 3894 888 3948 minus
910 3894 1094 3962 exquisitum
1114 3901 1167 3950 est.
1188 3898 1325 3968 Itaquee

207 3979 391 4034 carminibus
408 3978 483 4032 meis
497 3979 589 4033 verba
602 3978 809 4044 obscurat0110‚
820 3983 854 4032 ut
866 3978 921 4033 illa
936 3979 1024 4033 facile
1039 3979 1219 4036 ediscantur.
1233 3997 1248 4034 u
1265 3983 1325 4051 (Al

202 4063 272 4138 plus
288 4062 336 4117 teu
350 4062 436 4134 qu'eu
454 4060 573 4134 occisor
594 4079 713 4126 canses,
729 4079 758 4116 v.
780 4061 840 4128 1-9,
861 4060 956 4134 Studj
970 4061 1002 4117 di
1011 4063 1060 4134 fit.
1078 4081 1166 4130 rom„
1183 4069 1205 4121 t.
1222 4067 1273 4135 V.‚
1291 4083 1323 4139 p.

207 4145 270 4215 481,
285 4153 322 4203 ex
337 4146 401 4202 cod.
418 4146 471 4211 Η.)
