2860 4952
166 1411 206 1482 ln
226 1414 270 1480 iis
291 1413 461 1499 operibus
481 1430 573 1498 quac
597 1411 717 1479 adhuc
740 1413 1110 1480 commemoravimus
1135 1411 1237 1482 testi-

3 1539 5 1546 ’
118 1529 244 1598 monia
263 1530 308 1596 ad
328 1534 443 1596 artem
463 1529 666 1596 litterarum
688 1529 995 1596 aestimandarum
1022 1530 1236 1615 pertinentia

119 1646 258 1732 passim
272 1645 521 1714 inveniuntur.
536 1644 607 1712 Etsi
619 1645 751 1712 horum
764 1645 878 1712 mulla
890 1644 1023 1712 leviora
1035 1650 1096 1712 aut
1108 1665 1236 1732 parum

119 1761 268 1830 definita
289 1757 469 1842 videntur,
488 1779 560 1829 non
581 1765 634 1828 est
654 1779 719 1828 cur
739 1761 827 1828 haee
846 1761 973 1828 durius
994 1761 1237 1846 reprehenda-

118 1897 216 1957 mus
231 1896 316 1946 cum
333 1877 527 1964 scriptores
543 1876 682 1944 illinon
703 1877 740 1943 in
756 1876 987 1944 existimandi
1003 1883 1078 1944 arte
1093 1878 1236 1963 proprie

118 2001 366 2063 versarentur.

165 2109 243 2177 Non
263 2110 359 2177 idem
386 2109 469 2177 licet
493 2109 657 2176 dicamus
680 2109 722 2175 de
747 2108 983 2195 scriptoribus
1009 2109 1070 2194 qui
1096 2105 1238 2175 trebirici

117 2224 387 2293 nominantur:
417 2242 503 2291 nam
534 2225 583 2304 hi,
612 2242 698 2292 cum
727 2229 1000 2309 praeceptorum
1032 2225 1235 2292 dandorum

117 2359 230 2410 eausa
251 2359 360 2427 opera
384 2341 667 2426 composuerint,
695 2359 821 2407 earum
845 2341 1118 2418 sententiarum,
1147 2359 1236 2425 quas

116 2457 199 2526 sive
228 2457 272 2524 de
301 2456 416 2542 poetis
446 2456 522 2524 sive
551 2457 594 2524 de
623 2461 699 2524 arte
727 2457 901 2534 tulerunt,
933 2455 1035 2542 quasi
1061 2455 1236 2524 rationem

116 2573 263 2640 debent.

165 2683 213 2755 lix
238 2688 282 2756 iis
303 2688 473 2774 operibus
494 2706 585 2773 quae
610 2688 761 2757 docendi
780 2706 889 2755 causa
909 2707 928 2755 a
950 2687 1236 2755 Prouincialibus

115 2803 264 2873 condita
285 2809 381 2884 sunt,
398 2805 470 2872 duo
491 2809 633 2871 tantum
649 2803 843 2890 quamdam
859 2803 1049 2870 utilitatem
1066 2804 1236 2888 praebere

1 2985 2 2994 ,
114 2925 287 3008 possunt,
301 2919 332 2986 si
346 2919 427 3006 quis
441 2925 620 3005 quatenus
635 2919 686 2986 illi
700 2919 742 2986 de
756 2919 883 2986 litteris
897 2919 1103 2986 existimare
1118 2920 1236 2987 value-

115 3037 192 3104 rint
208 3051 389 3122 exponere
403 3035 505 3104 velit¹
527 3053 533 3101 :
558 3054 574 3098 r
592 3031 641 3101 lus
654 3037 757 3102 Rosos
770 3031 810 3100 de
827 3031 955 3100 Trobor
969 3053 984 3099 n
1006 3040 1040 3102 et
1062 3053 1077 3098 u
1095 3031 1144 3100 lor
1158 3037 1236 3122 loys

153 3312 180 3367 1.
206 3311 272 3367 Etsi
305 3308 499 3366 Brevioriom
532 3308 665 3374 Amoris,
700 3309 777 3380 quod
810 3309 986 3364 Manlredue
1018 3309 1235 3382 Ermcngaldns

1 3390 2 3409 ³
112 3395 313 3454 Bitterrensis
345 3411 424 3450 anno
452 3393 522 3450 1288
553 3395 680 3450 scribere
713 3393 863 3461 instituit,
893 3398 926 3449 ut
957 3411 1059 3450 omnes
1089 3395 1232 3452 bonarum

1 3523 2 3526 η
111 3480 230 3538 artium
263 3479 441 3550 disciplinas
474 3479 511 3534 ad
539 3478 710 3548 aequalium
740 3494 860 3533 suorum
893 3495 979 3533 usum
1015 3480 1069 3534 hoc
1100 3485 1234 3550 poemate

113 3566 378 3635 complecteretur,
394 3564 474 3619 inter
489 3563 622 3632 ejusdem
645 3563 760 3632 generis
780 3579 868 3633 opera
887 3568 930 3618 est
949 3563 1189 3632 adscribendum,
1206 3571 1234 3622 et

113 3649 217 3707 multa
240 3649 277 3704 de
300 3648 463 3719 lyricorum
486 3649 567 3703 tama
591 3647 764 3703 testimonia
785 3648 915 3718 praebet,
939 3649 1011 3703 haec
1035 3650 1233 3719 praetermitti

111 3751 203 3808 posse
217 3733 438 3790 existimamus.
463 3734 551 3788 Illum
566 3732 712 3803 poematis
728 3736 842 3802 partem
859 3732 1035 3802 respicimus
1058 3750 1132 3804 quae
1147 3752 1234 3790 versu

1 3834 2 3856 ³
110 3818 204 3877 27791
225 3817 359 3888 incipit;
385 3817 562 3872 inscribitur
583 3821 683 3872 autem
713 3817 772 3871 «lc
789 3815 923 3891 parilitas
944 3820 1057 3872 tractet
1072 3816 1196 3874 &crinon
1219 3837 1232 3872 u

113 3904 186 3968 Qua
198 3901 230 3956 in
245 3907 330 3972 perte
343 3904 561 3972 permultorum
578 3906 712 3956 veterum
727 3901 888 3971 lyricorum
905 3902 962 3956 loci
978 3903 1147 3970 laudantur,
1162 3922 1234 3974 quo-

112 4003 185 4044 rum
203 3987 315 4057 placita
330 3987 395 4042 ideo
409 3987 531 4057 exponit
547 3987 762 4056 Ermengaldus
776 4004 832 4056 quo
845 3991 925 4042 recta
939 4004 986 4042 ars
1001 3989 1133 4056 amandi,
1148 3995 1190 4044 tot
1206 3995 1234 4046 et

1 4070 2 4075 ’
111 4078 180 4128 tam
206 4069 346 4140 gravibus
370 4071 540 4126 auctoribus
567 4071 722 4138 adhibitis,
751 4070 897 4126 illustrior
922 4073 973 4126 fiat
1001 4073 1149 4129 omnibus.
1180 4075 1233 4130 llle

111 4161 228 4223 autem,
245 4155 317 4210 dum
333 4161 433 4226 poetas
449 4155 561 4217 laudat.
579 4156 650 4226 quid
666 4156 702 4210 de
723 4155 769 4210 his
785 4156 848 4226 ipse
863 4156 974 4212 sentiat
989 4174 1075 4227 saepo
1089 4158 1230 4215 declarat.

110 4243 158 4302 At
178 4244 333 4316 propterea
348 4241 425 4315 quod
445 4241 620 4300 Muntredus
640 4240 676 4298 dc
702 4241 832 4300 moribus
853 4241 1042 4316 potiusquam
1065 4243 1102 4300 de
1122 4244 1232 4303 litteris
