2860 4952
202 907 234 974 2.
263 905 399 988 Quibus
423 908 467 974 de
491 908 611 976 causis
631 909 719 976 haee
743 910 786 977 de
811 911 911 995 poesi
936 911 1141 997 praecipere

437 1025 620 1112 potuerint
645 1025 899 1094 Provinciales

154 1273 183 1340 E
203 1293 313 1360 supra
335 1275 497 1361 allegatis
518 1277 606 1343 loeis
627 1282 774 1362 apparet
795 1295 947 1362 eaquae
968 1279 1012 1345 ad
1032 1279 1229 1346 obscurum

0 1431 11 1443 =
101 1391 294 1458 scribendi
310 1410 424 1476 genus
442 1393 667 1476 pertinebant
684 1393 807 1478 lyricis
821 1394 908 1478 ipsis
922 1395 1137 1479 gravissima
1153 1395 1230 1462 visa

100 1526 204 1585 esse,
239 1525 323 1574 cum
355 1509 525 1576 omnibus
559 1509 632 1576 iere
663 1509 888 1595 temporibus
922 1511 965 1577 de
999 1511 1067 1578 hoc
1100 1529 1229 1596 genere

100 1624 298 1708 disputare
329 1624 559 1692 tentaverint.
595 1623 685 1690 lieri
717 1630 838 1692 autern
869 1644 941 1692 non
973 1632 1110 1712 poterat
1141 1627 1229 1712 quin

100 1741 202 1807 haee
222 1757 278 1806 res
299 1739 336 1806 in
356 1740 640 1807 controversiam
661 1740 811 1808 veniret.
842 1740 929 1808 Cum
952 1742 987 1808 id
1014 1743 1226 1827 praesertim

1 1854 2 1870 ¹
101 1856 218 1924 nobis
250 1856 296 1922 sit
325 1856 563 1941 propositum,
599 1862 777 1941 quatenus
811 1857 915 1941 lyrici
947 1877 984 1925 se
1016 1859 1059 1924 ad
1091 1859 1228 1926 litteras

0 1972 1 2039 3
101 1971 357 2039 aestimandas
379 1976 483 2056 aptos
506 1972 769 2039 declaraverint
792 1972 986 2056 inquirere,
1013 1991 1085 2040 non
1108 1979 1228 2040 lamen

0 2078 1 2097 ³
100 2087 272 2154 alienum
287 2092 459 2172 putamus
474 2088 606 2172 quihus
618 2089 660 2154 de
672 2088 791 2156 causis
803 2088 999 2155 obscurum
1014 2089 1103 2155 illud
1115 2107 1228 2175 genus

0 2252 1 2257 ,
100 2203 307 2270 invaluerit
322 2203 480 2270 breviter
495 2204 625 2270 dicere.

152 2319 318 2384 Primum
334 2319 618 2404 exquisitissima
632 2320 794 2386 doctrina
808 2340 917 2405 quarn
932 2321 1172 2388 Provinciales
1186 2323 1228 2390 de

97 2434 1224 2522 amoresibifinxeruntouminomnibuspoeticisgcneribus

97 2557 189 2620 tum
210 2550 401 2636 praecipue
421 2551 458 2617 in
475 2551 517 2618 iis
534 2570 625 2636 quae
645 2552 689 2618 de
705 2569 827 2619 amore
844 2558 940 2632 sunt,
960 2553 1064 2620 idest
1086 2553 1122 2619 in
1138 2572 1227 2620 can-

98 2797 170 2848 tem
192 2791 316 2858 ducunt,
339 2791 390 2846 sed
409 2808 461 2861 per
480 2791 666 2862 splendorem
697 2808 817 2846 carmen
842 2793 925 2862 quasi
947 2793 1125 2849 reviviscere
1147 2794 1226 2849 exis-

2 2882 3 2887 ’
97 2878 244 2934 timant:
272 2877 463 2946 quamobrem
493 2894 543 2947 ego
568 2881 597 2932 et
623 2877 723 2932 hieme
742 2881 771 2933 et
790 2881 902 2932 aestate
931 2878 1065 2934 dilucida
1091 2879 1227 2935 carmina

98 2960 213 3018 conda.
236 2975 249 3012 t)

141 3089 157 3126 u
181 3073 255 3128 Tam
274 3071 401 3127 libenter
415 3072 523 3128 hiemis
540 3090 627 3143 quam
644 3073 749 3143 aprilis
763 3077 895 3144 tempore
908 3091 990 3139 cano,
1005 3073 1165 3130 dummodo
1179 3092 1226 3130 ar-

99 3161 287 3232 gumentum
304 3157 359 3226 sit3
377 3157 447 3212 licet
460 3158 521 3212 sint
537 3159 587 3227 qui
601 3159 669 3213 aliis
685 3158 771 3214 rebus
787 3159 933 3225 nitantur,
950 3159 1044 3228 pluris
1058 3159 1134 3214 lacio
1150 3160 1225 3215 dilu-

99 3245 212 3301 cidum
227 3259 346 3297 carmen
357 3243 507 3312 eleganter
518 3243 714 3313 compositum
727 3261 816 3312 qnam
827 3243 951 3299 obscura
961 3244 1051 3300 verba
1062 3261 1227 3314 compresse

99 3327 272 3398 copulata;
293 3327 343 3395 qui
364 3343 484 3381 carmen
505 3344 591 3381 suum
608 3327 713 3382 densat
731 3331 760 3381 et
776 3327 963 3395 constringit,
980 3345 1046 3383 mea
1066 3329 1225 3395 sententia,

99 3415 137 3469 in
152 3410 271 3466 minore
286 3411 373 3464 laude
389 3415 442 3477 est,
459 3427 630 3480 quanquam
646 3411 709 3480 ipsc
725 3411 756 3464 in
773 3412 884 3480 majore
899 3429 929 3465 se
944 3428 1006 3466 esse
1024 3417 1119 3482 putat,
1136 3430 1224 3482 quam

100 3498 158 3568 qui
180 3494 343 3566 jucundam
367 3495 611 3564 perspicuitatem
632 3496 775 3564 praebet:
798 3496 989 3565 quamobrem
1013 3514 1074 3565 ego,
1096 3497 1225 3567 quoties-

100 3597 238 3649 cumque
252 3595 334 3646 can0,
349 3579 516 3633 dilucidum
530 3579 625 3648 poesis
641 3597 731 3648 genus
747 3596 860 3649 sequor.
878 3595 892 3632 u

142 3707 158 3745 u
182 3689 295 3759 Siquis
315 3695 434 3761 propter
448 3691 479 3745 id
496 3691 650 3745 movilem
667 3707 729 3746 csse
742 3696 770 3746 et
785 3692 918 3761 desipere
933 3693 1054 3761 dixerit,
1071 3697 1149 3748 certo
1165 3693 1225 3749 scio

101 3796 143 3834 ne
166 3779 307 3845 quattuor
326 3776 446 3845 quidem
468 3775 603 3830 homines
624 3793 660 3830 ex
683 3777 766 3831 mille
786 3777 821 3831 de
839 3778 894 3830 hac
916 3795 947 3831 re
966 3778 1034 3832 huic
1057 3795 1225 3833 assensuros

102 3877 196 3927 csse;
218 3865 257 3926 et,
274 3877 341 3913 cum
362 3865 423 3914 tam
441 3860 529 3914 multi
545 3877 662 3914 mecum
684 3861 792 3915 facturi
813 3867 919 3927 essent,
939 3862 964 3916 si
981 3865 1033 3916 hoc
1050 3863 1100 3916 isti
1121 3864 1224 3932 probro

0 4007 1 4012 η
102 3949 286 4009 verteretur,
312 3962 395 3999 suam
419 3945 568 3999 insaniam
594 3945 657 4014 ipse
681 3963 819 4000 accusare
843 3952 963 4015 posset;
985 3965 1119 4002 sunnnae
1144 3948 1223 4004 enim

102 4029 259 4086 stultitiae
274 4035 398 4084 osteum
412 4031 547 4084 obscuros
559 4047 660 4084 versus
674 4031 798 4085 condere
812 4036 840 4086 ct
854 4033 1013 4101 superbum
1030 4050 1059 4085 se
1075 4033 1222 4100 praebere,

104 4115 159 4186 qui
177 4131 215 4167 ne
226 4130 332 4182 aquam
347 4114 466 4183 quidem
483 4131 518 4168 ex
534 4115 648 4184 liquido
660 4115 723 4169 rivo
735 4116 853 4169 haurire
866 4121 970 4185 potest.
987 4132 1000 4169 n
1022 4117 1136 4184 (Escur
1143 4116 1224 4192 print

104 4199 270 4258 euentura
285 4196 365 4264 sot-il,
383 4215 411 4253 v.
429 4198 496 4255 1-30
513 4215 518 4268 ;
540 4198 584 4253 Μ.
605 4199 639 4254 G.
658 4198 720 4260 551.
737 4215 773 4254 ex
789 4199 852 4256 cod.
869 4201 904 4266 l.)
