2860 4952
552 355 730 432 ..49-

2 640 3 646 ¹
63 556 275 628 Reimundi
294 559 421 628 Vitalis
441 560 607 642 virtutes,
631 561 743 648 hujus
764 579 855 647 opus
882 561 1044 630 imitatus
1063 565 1118 630 est
1137 565 1199 630 aut

62 675 110 741 de
126 676 273 744 eisdem
289 677 398 744 rebus
412 675 531 745 insius
544 678 723 746 disserere
736 677 891 745 instituit
907 699 915 757 ;
934 677 1002 745 sub
1015 677 1111 745 idern
1127 677 1199 745 iere

2 798 3 802 ’
62 795 236 877 tempuS,
259 791 503 879 Hieronymus
522 793 828 879 Terramagninus
849 792 1000 860 Pisanus
1021 793 1058 859 in
1080 811 1097 856 n
1113 795 1199 859 Doc-

2 897 3 992 }
61 903 169 972 trina
193 903 234 974 da
251 908 345 975 Cort¹
366 929 381 972 u
404 907 600 976 Raimundi
615 907 741 976 Vitalis
757 927 849 994 opus
865 907 1032 976 versibus
1054 927 1070 971 u
1086 907 1198 976 invita

2 1035 3 1038 ’
62 1019 278 1090 Minerva»
310 1023 511 1091 mandavit.
547 1023 708 1109 Denique
739 1027 855 1090 exstat
884 1023 928 1090 de
955 1029 1031 1092 arte
1062 1024 1199 1110 poetica

61 1135 223 1206 libellus
240 1138 401 1224 quidam,
418 1139 481 1224 qui
496 1138 708 1206 inscribitur
730 1157 745 1201 a
762 1135 925 1205 Doctrina
941 1134 981 1205 da
996 1135 1200 1226 componire

62 1249 228 1333 dictan',
247 1274 264 1319 n
281 1255 319 1321 in
333 1273 405 1341 qua
419 1255 463 1322 de
478 1255 635 1324 sedecim
652 1253 801 1340 poeticis
816 1254 1009 1340 generibus
1023 1253 1200 1322 nonnulla

2 1375 3 1378 ’
62 1369 363 1456 praecipiuntur.
380 1367 595 1456 Quanquam
610 1371 709 1438 hunc
722 1369 830 1438 etiam
845 1368 1091 1437 RaImundum
1106 1367 1200 1436 Vita·

61 1485 143 1553 lem
167 1485 361 1572 scripsisse
381 1490 511 1571 putant
531 1485 701 1554 nonnulli
724 1484 1002 1562 existimatores
1026 1483 1117 1552 nihil
1144 1488 1198 1552 est

61 1619 134 1669 cur
148 1603 250 1670 hanc
265 1601 483 1669 sententiam
499 1599 728 1686 sequamur¹.
751 1599 852 1668 Certe
867 1601 936 1668 hoc
951 1617 1043 1688 opus
1058 1617 1102 1670 ex
1118 1598 1198 1668 Rai-

2 1731 3 1734 ’
63 1717 205 1784 mundi
219 1717 313 1784 libro
326 1721 448 1784 ortum
463 1721 517 1784 est
533 1734 540 1782 :
563 1717 659 1784 idem
674 1721 709 1784 et
728 1715 771 1784 de
786 1715 914 1782 ceteris
929 1714 999 1782 dici
1019 1719 1147 1802 potest.

113 1832 192 1899 Sed
205 1836 349 1900 tantum
362 1833 463 1899 abest
477 1836 516 1899 ut
529 1832 598 1898 ista
611 1849 719 1917 opera
740 1849 783 1898 ex
801 1829 994 1897 Raimundi
1014 1829 1106 1898 libro
1119 1834 1197 1897 orta

65 1948 160 2016 huic
175 1945 221 2013 ‘in
237 1965 353 2033 aequo
368 1946 455 2032 poni
469 1946 621 2032 possint,
638 1951 677 2013 ut
691 1964 736 2013 ne
751 1945 826 2013 ulla
840 1944 986 2030 quidem
1000 1944 1134 2030 judicia
1153 1943 1198 2010 ad

66 2069 202 2158 poetas
222 2067 284 2130 aut
300 2061 345 2128 ad
358 2067 474 2130 artem
490 2061 707 2147 pertinentia
724 2061 761 2127 in
781 2059 832 2128 eis
848 2059 1007 2145 reperias
1025 2077 1032 2125 :
1055 2063 1197 2127 tantum

2 2229 3 2234 ,
66 2179 189 2264 Igitur
203 2179 293 2245 haee
306 2177 386 2245 ideo
401 2176 784 2254 commemoravimus,
801 2175 885 2260 quin
900 2173 1093 2242 Raimundi
1108 2171 1199 2240 Vita-

1 2378 4 2386 ,
68 2293 115 2361 Iis
150 2311 246 2380 opus
277 2292 353 2378 jam
384 2297 464 2361 tum
483 2291 653 2360 meritam
681 2291 827 2359 laudem
854 2293 1091 2358 consecutum
1119 2305 1199 2357 osso

2 2471 3 2474 ,
68 2413 271 2478 testantur.

3 2673 4 2678 ¹
105 2649 135 2706 1.
158 2649 217 2706 Ed.
231 2649 299 2706 aP.
315 2647 424 2721 Meyer
435 2648 468 2704 iu
480 2645 649 2714 Romania,
664 2646 747 2713 VIII,
763 2660 792 2716 p.
809 2643 939 2702 101-211.

106 2759 135 2816 2.
158 2761 217 2818 Ed.
234 2761 302 2817 nP.
318 2759 426 2832 Mepar
437 2758 470 2814 iu
485 2756 652 2822 Romania,
671 2758 723 2824 VI,
739 2772 789 2827 pp.
803 2755 856 2812 ³55
870 2759 900 2810 et
914 2771 957 2826 aq.

108 2872 136 2929 3.
159 2873 292 2928 Auctore
301 2870 404 2928 Panlo
414 2869 522 2940 Meyer
532 2871 587 2925 hoa
597 2861 744 2924 dicimus:
763 2883 793 2922 v.
806 2863 972 2930 Romania,
990 2864 1043 2932 VI,
1059 2879 1089 2934 p.
1105 2862 1197 2920 tou-5.
