2860 4952
574 405 751 487 ..57-

90 609 311 694 disserebat,
334 615 516 699 quomodo
537 619 659 681 tamen
675 614 884 700 opinionem
905 633 1009 681 suam
1030 601 1221 683 defendere

91 733 222 815 posset
236 748 308 797 non
323 728 550 816 perspexisse
567 731 721 798 videtur.

1 907 2 912 ,
142 845 325 926 Ceterum,
354 847 653 932 quotiescumque
675 865 766 931 quae
790 846 836 914 sit
863 846 981 932 poesis
1009 851 1138 914 natura
1165 847 1221 915 vei

1 941 2 973 '
94 979 173 1047 quo
195 961 258 1028 illa
282 963 405 1030 tendat
425 980 605 1049 exponere
625 966 778 1030 conatur
797 961 1025 1042 Guilleimus
1048 962 1221 1048 exiguum

64 1061 66 1066 ¹
93 1084 131 1145 et
148 1078 256 1162 quasi
270 1077 450 1145 incertum
464 1057 650 1163 ingenium
672 1078 839 1144 ostendit.
863 1075 962 1156 Quod
978 1083 1017 1144 ut
1032 1077 1223 1146 confirme-

93 1213 196 1272 1115,
213 1211 298 1260 eum
311 1194 433 1261 iocum
447 1194 574 1288 aticrre
589 1193 692 1260 nobis
705 1193 821 1271 liceat,
836 1211 907 1277 quo
921 1193 1077 1279 scriptor
1089 1193 1221 1278 quibus

95 1309 143 1376 de
159 1309 281 1376 causis
298 1328 356 1375 ars
372 1309 645 1376 condendorum
661 1308 867 1375 carminum
881 1308 1027 1376 inventa
1044 1308 1089 1375 sit
1105 1308 1222 1394 inqui-

96 1425 147 1492 rit
167 1443 173 1490 :
199 1424 340 1510 longior
355 1425 445 1492 torte
465 1425 553 1492 haec
569 1424 764 1510 disputatio
780 1423 971 1503 videbitur,
990 1424 1052 1491 sed
1072 1423 1221 1509 majoris

0 1619 1 1622 Ἴ
95 1546 152 1608 est
174 1540 349 1606 momenti
371 1559 481 1624 quam
499 1545 537 1606 ut
553 1540 883 1624 praetermittatur:

145 1675 161 1718 u
190 1655 271 1722 Esta
285 1655 425 1722 soiensa
439 1655 495 1723 ioc
510 1655 681 1722 atrobada
695 1673 758 1740 per
773 1673 813 1722 50
829 1673 898 1740 que
914 1671 1071 1740 quascus
1091 1652 1220 1722 dictata

95 1772 151 1838 sia
173 1790 277 1856 moys
293 1772 470 1856 agradans
486 1790 505 1838 e
523 1789 625 1856 mays
647 1771 791 1856 placens
808 1789 871 1855 per
891 1770 945 1837 los
961 1769 1050 1836 rims
1070 1787 1216 1849 sonans

96 1905 308 1956 consonans
323 1905 343 1954 e
358 1887 564 1964 1001151105,
583 1905 602 1953 e
622 1903 749 1954 cascus
765 1884 870 1952 miels
885 1905 904 1953 e
925 1887 1007 1971 ptus
1023 1893 1073 1954 tot
1087 1905 1219 1974 puesca

1 2021 2 2065 3
96 2008 265 2088 reportar
284 2021 418 2069 cascun
439 2002 559 2079 dictat,
583 2021 647 2087 per
672 2020 711 2068 50
732 2019 801 2087 que
820 2001 955 2068 recitan
975 2002 1112 2088 elegen
1133 2003 1219 2069 hom

96 2119 176 2186 s’en
190 2118 349 2203 deporto,
365 2118 461 2184 enos
475 2122 569 2184 motz
589 2117 743 2184 entenda
756 2121 790 2183 et
806 2117 976 2202 aprenda,
995 2135 1014 2184 e
1029 2135 1219 2202 yssamens

99 2253 166 2319 per
191 2252 280 2318 ques
300 2231 386 2299 hom
412 2251 476 2318 per
501 2233 578 2300 belo
598 2232 712 2299 citans
737 2231 952 2299 melodiozes
972 2251 991 2298 e
1015 2233 1160 2318 plazens
1181 2251 1219 2300 se

97 2351 194 2417 done
214 2367 259 2416 en
276 2367 341 2415 501
362 2353 505 2434 coratge
520 2366 615 2434 gaug
627 2353 661 2414 et
681 2347 844 2432 alegrier,
860 2379 904 2392 -—
918 2346 1023 2434 (quar
1042 2367 1106 2433 per
1125 2365 1220 2434 gaug

95 2483 115 2532 e
128 2483 192 2550 per
203 2464 356 2549 alegrier
368 2482 434 2530 son
445 2469 545 2531 mant
557 2463 706 2530 oocirier
719 2467 941 2548 apremegut‚
957 2468 990 2530 et
1003 2463 1218 2548 ysshamens

1 2651 2 2662 ¹
97 2599 191 2666 quar
207 2580 294 2645 hom
308 2584 409 2664 porta
424 2580 506 2664 plus
523 2579 582 2645 leu
599 2583 648 2645 tot
664 2577 803 2644 trebalh
820 2584 901 2645 cant
919 2577 1071 2663 alqunas
1088 2584 1165 2646 vetz
1181 2597 1218 2645 se

96 2695 192 2762 dona
215 2695 310 2762 solas
331 2713 350 2761 e
370 2695 507 2779 deport,
529 2711 620 2778 quar
644 2714 663 2760 a
684 2693 823 2760 trebalh
845 2711 891 2759 no
916 2691 979 2778 ing
999 2693 1035 2759 ni
1061 2693 1135 2760 ialh
1156 2689 1218 2778 qui

97 2829 189 2896 pren
203 2810 329 2894 deport
346 2828 409 2894 per
422 2809 526 2876 miels
543 2807 666 2875 sutirir
683 2804 892 2893 11011111)-
907 2827 925 2876 e
942 2827 1057 2893 perso
1071 2827 1218 2894 queper

96 2927 270 2992 ociozetat
289 2943 334 2990 en
360 2930 461 3009 peoat
486 2924 523 2990 ni
544 2942 588 2990 en
609 2924 678 2990 vici
699 2924 785 2989 hom
808 2942 855 2990 no
874 2923 951 3008 caia
957 2975 1022 2990 .....
1050 2919 1075 2989 E
1095 2941 1157 3008 per
1178 2941 1218 2990 50

96 3039 221 3126 qu'om
239 3057 371 3124 puesoa
387 3045 420 3106 et
441 3056 527 3106 auze
548 3039 759 3105 declararet
776 3057 967 3124 expressar
987 3057 1051 3106 son
1068 3039 1218 3106 dezirier

1 3191 2 3198 1
97 3174 116 3222 e
130 3174 171 3221 sa
185 3155 362 3234 voluntat,
376 3155 497 3238 laqual
509 3173 617 3220 cauza
631 3172 694 3240 per
707 3159 881 3221 aventura
893 3154 1019 3221 estiers
1033 3172 1079 3220 no
1093 3155 1218 3240 poyria

96 3289 207 3337 onon
224 3270 392 3350 auzaria;
416 3288 507 3354 quar
528 3288 591 3354 per
611 3270 773 3336 maniera
793 3269 836 3336 de
857 3271 966 3336 dictat
982 3287 1047 3336 son
1064 3270 1217 3355 alqunas

98 3386 269 3472 parautas
296 3385 458 3470 grauidas
488 3404 558 3470 que
584 3385 658 3452 tora
690 3385 799 3452 dictat
828 3385 946 3472 serian
975 3385 1214 3471 desgrazidas.

95 3501 239 3568 L⁷autra
259 3519 368 3567 cauza
388 3504 450 3584 pot
469 3517 568 3566 esser
589 3519 652 3584 per
672 3501 754 3584 plus
775 3501 862 3567 brou
886 3501 1017 3585 parlar,
1041 3520 1132 3586 quar
1154 3501 1215 3586 qui

1 3666 2 3710 3
96 3617 140 3684 be
162 3636 226 3702 sap
240 3617 355 3683 dictar
374 3635 419 3683 en
436 3615 518 3700 plus
532 3616 640 3682 breus
657 3622 751 3684 motz
767 3617 836 3683 ditz
851 3635 890 3683 so
911 3635 980 3702 que
1000 3617 1056 3683 dir
1072 3618 1129 3684 vol
1146 3636 1216 3702 que

98 3751 162 3817 per
187 3736 290 3798 autra
315 3731 488 3797 maniera.
515 3729 657 3798 L'autra
681 3750 790 3798 cauza
810 3737 870 3817 pot
895 3750 993 3800 esser
1018 3751 1108 3816 quar
1132 3732 1215 3797 amb

97 3847 315 3914 acordansas
332 3865 369 3913 se
383 3851 589 3930 transporto
602 3846 707 3912 miels
721 3847 774 3912 las
788 3847 955 3931 paraulas
970 3866 1038 3931 que
1054 3865 1099 3914 en
1113 3853 1215 3914 autra

96 3961 259 4028 maniera
275 3983 284 4042 ;
307 3966 339 4028 et
356 3963 571 4047 ysshamens
588 3981 679 4047 quar
694 3962 798 4029 miels
815 3967 875 4046 pot
891 3963 977 4028 hom
993 3962 1215 4047 conoyssher

97 4076 128 4144 si
147 4073 260 4144 l'obra
279 4095 317 4144 cs
331 4075 537 4145 defectuosa
556 4095 577 4143 0
597 4077 755 4144 enneia¹.
774 4097 789 4142 u

30 4225 32 4232 '
132 4244 159 4300 1.
180 4259 195 4298 u
215 4245 272 4299 Ars
294 4243 349 4300 illa
364 4244 431 4299 ideo
452 4243 579 4300 inventa
600 4249 644 4300 est
664 4261 721 4314 quo
742 4242 974 4315 unumquodque
996 4261 1101 4315 poema
1115 4243 1214 4300 verbis

98 4327 221 4401 ausonis,
241 4328 484 4398 consonantibus,
501 4328 620 4386 leonino
640 4345 721 4384 more
741 4328 902 4398 collocatis,
919 4328 1041 4384 suavius
1058 4332 1087 4384 et
1102 4329 1214 4399 gratius
