2860 4952
201 573 255 642 iar
270 591 277 640 :
300 592 391 659 quar
406 591 498 640 unas
514 574 739 658 meteysshas
752 571 922 658 paraulas
935 575 996 657 pot
1009 572 1094 638 hom
1109 577 1227 638 motas
1246 574 1333 638 vetz

202 688 352 756 acordar
366 707 410 755 en
427 688 589 756 diversas
605 688 747 755 rimas⁴.
768 708 784 752 n

245 801 335 870 Cum
362 803 621 889 expeditiorem
649 802 825 870 rationem
853 801 1058 887 praedicare
1083 801 1333 867 Guillelmum

201 918 434 986 maniiestum
460 919 517 998 sit,
541 919 635 985 hanc
660 918 923 1003 reprehendere
948 935 1078 1003 parum
1105 917 1192 982 utile
1215 917 1333 982 duci-

201 1051 304 1100 mus:
324 1052 511 1118 nunquam
527 1051 611 1100 vero
625 1033 672 1100 ita
686 1033 728 1100 de
743 1033 810 1099 hac
824 1051 861 1099 re
877 1032 1108 1099 disseruisset
1120 1031 1333 1098 Tolosanus

200 1147 388 1216 technicus
416 1149 486 1215 nisi
513 1148 651 1234 poesim
682 1149 719 1215 in
748 1154 824 1215 arte
852 1166 1024 1215 versuum
1059 1149 1332 1215 struendorum

201 1268 313 1331 totam
335 1270 495 1349 poneret.

246 1379 288 1448 Ut
303 1380 428 1466 paucis
439 1380 736 1466 complectamur,
750 1380 870 1446 omnia
883 1398 974 1464 quae
985 1379 1022 1446 in
1032 1377 1174 1464 Lepidus
1186 1377 1333 1446 littoris

201 1497 244 1564 de
258 1495 376 1582 poesis
393 1500 521 1562 natura
537 1495 708 1562 dicuntur
724 1495 875 1562 minoris
891 1503 976 1562 sunt
991 1495 1177 1562 momenti.
1197 1495 1294 1562 Nam
1310 1515 1330 1561 a

202 1611 306 1697 quasi
329 1629 458 1678 manca
478 1609 707 1678 versificandi
730 1611 868 1678 ratione
888 1611 1067 1690 oriuntur,
1086 1629 1171 1677 cum
1193 1629 1330 1677 omnes

201 1732 279 1794 tum
295 1726 333 1794 in
350 1726 448 1812 poesi
465 1726 632 1792 callidam
648 1727 841 1792 verborum
860 1745 1104 1812 versuumque
1117 1726 1330 1810 dispositio-

202 1861 287 1909 nem
308 1847 451 1909 tantum
476 1841 719 1908 aestimarent.
750 1839 815 1920 Qui
836 1840 972 1926 poesim
994 1841 1030 1906 in
1050 1841 1148 1907 hunc
1169 1842 1327 1907 modurn

203 1957 270 2024 sibi
287 1957 441 2042 fingunt,
460 1957 560 2023 illam
577 1957 612 2022 in
636 1957 777 2023 artificii
796 1956 987 2041 cujusdam
1003 1957 1188 2042 angustias
1205 1958 1327 2024 dedu·
1423 1955 1427 2024 Ι

202 2077 289 2140 cunt
312 2094 318 2150 ;
347 2078 471 2158 poetae
497 2072 620 2138 haberi
642 2077 805 2158 possunt,
834 2072 896 2138 sed
921 2077 1044 2156 poetae
1065 2071 1256 2138 minores:
1285 2073 1326 2138 hi

203 2187 350 2273 quidem
371 2188 406 2254 in
429 2187 543 2272 pretio
564 2192 649 2254 sunt
664 2188 862 2270 dummodo
878 2187 915 2253 in
938 2193 1012 2252 arte
1033 2205 1098 2252 sua
1113 2187 1294 2254 excellant
1315 2206 1322 2252 :

203 2303 265 2370 sed
293 2302 371 2370 istis
397 2320 503 2370 nemo
528 2320 600 2370 non
628 2303 709 2368 illos
736 2303 921 2387 anteponit
947 2302 1020 2387 qui,
1050 2302 1116 2368 etsi
1144 2321 1322 2370 versuum

201 2422 423 2486 structuram
444 2435 517 2483 non
538 2418 744 2503 neglegunt,
768 2418 803 2484 id
824 2424 945 2485 tamen
965 2423 1047 2484 ante
1072 2418 1192 2484 omnia
1215 2437 1324 2503 spee-

200 2537 289 2610 tant,
306 2538 345 2600 ut
358 2533 528 2600 honestas
542 2533 738 2600 sententias
752 2540 965 2622 expromant
979 2539 1013 2600 et
1026 2538 1127 2618 aptas
1141 2533 1323 2619 imagines
1425 2575 1427 2586 ÷

200 2648 399 2716 inveniant.

244 2869 425 2938 Nonnulla
453 2875 573 2937 tamen
603 2890 645 2938 ex
673 2871 730 2937 his
760 2871 915 2955 quaein
943 2867 1084 2954 Lepidus
1111 2870 1245 2937 Amoris
1274 2873 1320 2938 ad

200 2985 319 3071 poesis
336 2986 513 3053 rationem
530 2987 710 3071 pertinent
726 2986 910 3071 probanda
926 2986 1105 3052 videntur.
1125 2984 1232 3065 Quae,
1251 2988 1320 3054 etsi

199 3119 271 3169 non
304 3101 390 3168 artis
424 3101 497 3168 vim
529 3101 772 3186 potissimum,
808 3102 869 3166 sed
902 3101 1021 3185 potius
1054 3103 1319 3168 nonnullorum

199 3221 388 3302 poetarum
416 3234 551 3282 munus
578 3221 752 3301 spectant,
779 3215 852 3300 jam
880 3233 977 3281 nuno
1004 3194 1208 3294 aileremuS,
1232 3218 1318 3302 quia
1411 3202 1416 3210 ’

199 3331 394 3417 quamdam
417 3331 707 3417 progressionem
735 3331 778 3396 ad
803 3331 1058 3397 humaniorem
1078 3331 1216 3416 poesim
1238 3338 1317 3399 turn
1426 3411 1427 3434 Χ

199 3446 330 3513 iactam
347 3464 425 3513 esse
441 3446 637 3512 declarant.

244 3561 428 3646 Eiusmodi
443 3567 527 3628 sunt
543 3580 583 3627 ea
600 3579 691 3645 quae
707 3560 921 3627 Guillelmus
944 3562 986 3628 de
1003 3561 1112 3628 satira
1128 3564 1313 3648 praecipit,

197 3677 285 3744 dum
302 3677 370 3742 lroo
389 3694 504 3762 genus
525 3677 632 3743 latius
654 3680 774 3761 patere
797 3681 831 3742 et
847 3677 983 3762 majore
999 3677 1203 3744 urbanitate
1220 3683 1316 3745 trac·
1376 3739 1380 3744 .

197 3791 265 3860 tari
280 3796 401 3878 optat:

230 3987 256 4041 1.
279 4000 293 4038 n
313 3986 409 4041 Nemo
425 3988 469 4040 est
484 3984 576 4050 enim,
594 3984 732 4054 quamvis
748 3984 849 4039 tardus
866 3989 894 4038 et
910 3985 991 4040 rudis
1007 3984 1056 4050 sit,
1074 3985 1136 4054 qui,
1153 3985 1313 4040 dummodo

195 4085 356 4140 parumper
369 4073 462 4124 artem
478 4068 638 4138 copulandi
654 4069 745 4122 verba
760 4072 789 4122 et
804 4085 889 4122 voees
905 4068 1042 4122 meditari
1058 4069 1133 4122 etin
1150 4070 1205 4124 hac
1219 4070 1315 4124 elabo-

195 4169 260 4208 rare
273 4153 358 4218 velit,
374 4154 428 4206 hoc
444 4153 557 4207 efficere
573 4169 631 4206 non
647 4154 747 4206 valeat
764 4169 770 4206 :
793 4169 861 4205 nam
878 4152 980 4206 eadem
996 4153 1087 4206 verba
1102 4170 1160 4206 non
1176 4155 1269 4208 semel
1283 4153 1322 4227 in¹

195 4240 329 4297 extrema
343 4252 483 4296 versuum
499 4239 583 4311 parte
599 4235 731 4310 copulari
747 4239 879 4310 possunt.
898 4249 912 4286 n
934 4236 996 4302 (ΙΙΙ,
1013 4251 1042 4308 p.
1060 4235 1133 4302 362).
