2860 4952
478 1387 788 1490 toluttsto

5 1947 12 1963 ‘
121 1959 168 2026 Ex
180 1959 1036 2048 locisinhacoommentationeallegatisapparet
1048 1961 1192 2030 nullum

11 2157 14 2162 Ι
78 2093 167 2161 opus
187 2076 391 2142 litterarum
411 2076 720 2143 aestimandarum
740 2093 848 2142 causa
867 2096 885 2142 a
907 2075 1193 2144 Provincialibus

77 2191 262 2258 conditum
287 2195 440 2270 exstare,
465 2192 561 2276 quod
584 2209 657 2258 non
677 2192 721 2257 ad
741 2191 892 2276 poesim,
915 2193 1128 2277 praesertim
1149 2194 1194 2260 ad

6 2315 10 2320 '
77 2306 232 2392 lyricum
247 2325 362 2392 genus
381 2306 568 2392 pertineat.

96 2501 98 2508 Ι
117 2421 192 2489 Hoc
205 2439 278 2488 non
292 2421 481 2502 miramur,
497 2440 593 2502 cum,
611 2423 641 2489 si
655 2421 793 2508 poesim
809 2422 1086 2508 praetermittas,
1107 2442 1194 2509 pau-

1 2608 2 2615 ,
76 2537 1191 2622 (tissimaoperareperiasquaeaestimationedignavideantur.

76 2649 348 2726 Meminerimus
364 2656 485 2718 tamen
501 2652 574 2719 lere
594 2671 720 2719 omnes
740 2652 983 2719 provinciales
999 2653 1194 2738 scriptores

76 2768 227 2854 lyricam
244 2767 390 2852 quidem
407 2768 545 2853 poesim
566 2768 788 2846 tractavisse,
812 2768 874 2835 sed
894 2768 1038 2835 eosdem
1060 2768 1194 2852 lyricae

76 2883 371 2968 poesis-nomine
400 2883 582 2967 permulta
608 2889 816 2968 poematum
847 2901 977 2968 genera
1007 2883 1194 2968 amplexos

1 2993 2 3078 l
75 3017 166 3066 esse.
194 2997 328 3084 ltaque,
355 3016 440 3065 cum
464 2998 508 3065 de
532 2999 656 3084 lyricis
676 3004 819 3065 tantum
839 2998 953 3083 poetis
975 2997 1194 3064 existimatio

1 3083 3 3166 l
75 3113 137 3181 fiat
152 3115 249 3199 apud
269 3114 524 3192 ProvincialeS,
544 3115 724 3199 permulta
744 3119 866 3180 tamen
882 3132 990 3200 opera
1006 3114 1050 3180 ab
1068 3113 1195 3181 existi-

1 3209 2 3239 *
76 3229 276 3296 matoribus
309 3229 552 3297 illustrantur.
588 3229 700 3296 Nemo
732 3234 853 3296 autem
887 3229 931 3296 de
964 3228 1194 3296 Australibus
1231 3317 1232 3320 Ἴ

78 3345 192 3430 poetis
213 3344 413 3429 perlectum
439 3344 616 3430 iudicium
637 3345 752 3422 faciet,
776 3343 914 3429 siquid
939 3343 991 3409 illi
1018 3345 1061 3410 de
1082 3349 1196 3411 semet

81 3460 169 3546 ipsis
183 3459 340 3527 dixerint
353 3460 502 3527 omnino
518 3460 716 3545 neglexerit
733 3479 739 3526 :
758 3478 843 3526 nam
856 3459 1079 3526 Australium
1095 3459 1195 3545 poesi

78 3575 235 3662 insignia
255 3576 432 3660 quaedam
460 3575 585 3642 insunt
606 3593 698 3660 quae
719 3575 790 3654 vix,
814 3575 966 3642 sublatis
986 3575 1196 3642 Provincia-

78 3691 168 3758 lium
190 3691 352 3776 ipsorum
374 3691 603 3770 testimoniis,
626 3691 924 3776 comprehendas.
946 3689 1072 3758 Nonne
1087 3690 1194 3757 etiam

82 3805 388 3892 septentrionales
417 3805 521 3891 lyrici
551 3824 614 3891 per
638 3806 763 3872 eadem
790 3805 883 3872 fiunt
909 3805 1136 3886 illustriores
1167 3805 1197 3871 si

1 3903 26 3978 Ω
79 3921 225 4006 quidem
252 3920 336 3987 hia
363 3920 649 3987 Prouincialibus
679 3920 860 4006 permulta
889 3921 1045 3988 mutuati
1072 3918 1196 3988 sunt?

1 4031 2 4034 ’
79 4035 172 4107 Haeo
186 4035 297 4122 igitur
312 4035 519 4104 testimonia
538 4035 674 4121 inquiri
694 4040 727 4102 et
744 4035 948 4120 percenseri
969 4054 1097 4120 operae
1113 4053 1196 4122 pre-

79 4152 170 4219 tium
190 4169 269 4219 esse
289 4151 474 4218 duximus
1245 4147 1248 4154 '

123 4266 310 4335 Praeterea
323 4267 468 4334 nullum
482 4284 573 4352 opus
587 4286 606 4333 a
622 4265 908 4334 Prouincialibus
925 4267 1099 4353 scriptum
1117 4283 1196 4333 esse

1118 4407 1136 4469 6
