<?xml version="1.0" encoding="UTF-8"?>
<!DOCTYPE html PUBLIC "-//W3C//DTD XHTML 1.0 Transitional//EN"
    "http://www.w3.org/TR/xhtml1/DTD/xhtml1-transitional.dtd">
<html xmlns="http://www.w3.org/1999/xhtml" xml:lang="en" lang="en">
 <head>
  <title>
</title>
<meta http-equiv="Content-Type" content="text/html;charset=utf-8" />
  <meta name='ocr-system' content='tesseract 3.04.00' />
  <meta name='ocr-capabilities' content='ocr_page ocr_carea ocr_par ocr_line ocrx_word'/>
</head>
<body>
  <div class='ocr_page' id='page_1' title='image "./quaejudiciadeli00andrgoog_0053.png"; bbox 0 0 2860 4952; ppageno 0'>
   <div class='ocr_carea' id='block_1_1' title="bbox 534 371 710 464">
    <p class='ocr_par' dir='ltr' id='par_1_1' title="bbox 534 371 710 464">
     <span class='ocr_line' id='line_1_1' title="bbox 534 371 710 464; baseline 0 -20"><span class='ocrx_word' id='word_1_1' title='bbox 534 371 710 464; x_wconf 39' lang='grc' dir='ltr'>ης..</span> 
     </span>
    </p>
   </div>
   <div class='ocr_carea' id='block_1_2' title="bbox 1 590 1259 3802">
    <p class='ocr_par' dir='ltr' id='par_1_2' title="bbox 1 590 1189 1950">
     <span class='ocr_line' id='line_1_2' title="bbox 107 590 1177 660; baseline 0.002 -4"><span class='ocrx_word' id='word_1_2' title='bbox 107 590 265 658; x_wconf 93' lang='lat' dir='ltr'>Nimiam</span> <span class='ocrx_word' id='word_1_3' title='bbox 278 592 346 659; x_wconf 90' lang='lat' dir='ltr'>boc</span> <span class='ocrx_word' id='word_1_4' title='bbox 360 593 438 660; x_wconf 91' lang='lat' dir='ltr'>loco</span> <span class='ocrx_word' id='word_1_5' title='bbox 451 592 679 660; x_wconf 84' lang='lat' dir='ltr'>severitatem</span> <span class='ocrx_word' id='word_1_6' title='bbox 693 591 730 658; x_wconf 94' lang='lat' dir='ltr'>in</span> <span class='ocrx_word' id='word_1_7' title='bbox 742 591 924 659; x_wconf 90' lang='lat' dir='ltr'>Bernardo</span> <span class='ocrx_word' id='word_1_8' title='bbox 933 590 1177 659; x_wconf 85' lang='lat' dir='ltr'>Raimundum</span> 
     </span>
     <span class='ocr_line' id='line_1_3' title="bbox 62 707 1189 776; baseline -0.001 -4.049"><span class='ocrx_word' id='word_1_9' title='bbox 62 707 217 774; x_wconf 86' lang='lat' dir='ltr'>Vitalem</span> <span class='ocrx_word' id='word_1_10' title='bbox 238 708 448 775; x_wconf 84' lang='lat' dir='ltr'>adhibuisse</span> <span class='ocrx_word' id='word_1_11' title='bbox 467 709 649 775; x_wconf 88' lang='lat' dir='ltr'>existimat</span> <span class='ocrx_word' id='word_1_12' title='bbox 669 707 919 775; x_wconf 87' lang='lat' dir='ltr'>Guessardus:</span> <span class='ocrx_word' id='word_1_13' title='bbox 944 727 960 770; x_wconf 81' lang='lat' dir='ltr'>a</span> <span class='ocrx_word' id='word_1_14' title='bbox 982 707 1080 774; x_wconf 84' lang='lat' dir='ltr'>lianc</span> <span class='ocrx_word' id='word_1_15' title='bbox 1095 707 1189 776; x_wconf 86' lang='lat' dir='ltr'>Rai-.</span> 
     </span>
     <span class='ocr_line' id='line_1_4' title="bbox 4 805 1177 908; baseline 0 -18"><span class='ocrx_word' id='word_1_16' title='bbox 4 805 6 890; x_wconf 62' lang='grc' dir='ltr'>ἶ</span> <span class='ocrx_word' id='word_1_17' title='bbox 63 843 79 887; x_wconf 81' lang='lat' dir='ltr'>n</span> <span class='ocrx_word' id='word_1_18' title='bbox 107 825 270 890; x_wconf 89' lang='lat' dir='ltr'>mundus</span> <span class='ocrx_word' id='word_1_19' title='bbox 292 824 416 891; x_wconf 88' lang='lat' dir='ltr'>Vitalis</span> <span class='ocrx_word' id='word_1_20' title='bbox 447 824 728 891; x_wconf 80' lang='lat' dir='ltr'>inconstantiam</span> <span class='ocrx_word' id='word_1_21' title='bbox 756 827 870 900; x_wconf 90' lang='lat' dir='ltr'>vocat,</span> <span class='ocrx_word' id='word_1_22' title='bbox 904 822 1001 889; x_wconf 91' lang='lat' dir='ltr'>haud</span> <span class='ocrx_word' id='word_1_23' title='bbox 1032 823 1177 908; x_wconf 90' lang='lat' dir='ltr'>quidem</span> 
     </span>
     <span class='ocr_line' id='line_1_5' title="bbox 3 936 1178 1025; baseline 0.003 -23"><span class='ocrx_word' id='word_1_24' title='bbox 3 963 5 1024; x_wconf 75' lang='lat'><em>3</em></span> <span class='ocrx_word' id='word_1_25' title='bbox 63 959 78 1002; x_wconf 82' lang='grc'><strong>1(</strong></span> <span class='ocrx_word' id='word_1_26' title='bbox 106 939 291 1006; x_wconf 88' lang='lat' dir='ltr'>immerito</span> <span class='ocrx_word' id='word_1_27' title='bbox 307 958 314 1006; x_wconf 92' lang='lat'>:</span> <span class='ocrx_word' id='word_1_28' title='bbox 333 940 396 1007; x_wconf 86' lang='lat' dir='ltr'>sed</span> <span class='ocrx_word' id='word_1_29' title='bbox 411 940 469 1007; x_wconf 90' lang='lat' dir='ltr'>cui</span> <span class='ocrx_word' id='word_1_30' title='bbox 485 941 553 1006; x_wconf 90' lang='lat' dir='ltr'>hoc</span> <span class='ocrx_word' id='word_1_31' title='bbox 567 938 823 1025; x_wconf 91' lang='lat' dir='ltr'>imputandum</span> <span class='ocrx_word' id='word_1_32' title='bbox 837 943 889 1006; x_wconf 83' lang='lat' dir='ltr'>est</span> <span class='ocrx_word' id='word_1_33' title='bbox 905 936 924 1004; x_wconf 81' lang='lat' dir='ltr'>‘l</span> <span class='ocrx_word' id='word_1_34' title='bbox 944 937 1117 1006; x_wconf 89' lang='lat' dir='ltr'>Poetaene</span> <span class='ocrx_word' id='word_1_35' title='bbox 1132 957 1178 1006; x_wconf 91' lang='lat' dir='ltr'>an</span> 
     </span>
     <span class='ocr_line' id='line_1_6' title="bbox 3 1053 1179 1140; baseline 0.003 -23"><span class='ocrx_word' id='word_1_36' title='bbox 3 1069 4 1072; x_wconf 68' lang='grc'>’</span> <span class='ocrx_word' id='word_1_37' title='bbox 63 1073 79 1117; x_wconf 84' lang='lat' dir='ltr'>n</span> <span class='ocrx_word' id='word_1_38' title='bbox 107 1053 257 1122; x_wconf 78' lang='lat' dir='ltr'>amori?</span> <span class='ocrx_word' id='word_1_39' title='bbox 277 1055 371 1135; x_wconf 81' lang='lat' dir='ltr'>Esto,</span> <span class='ocrx_word' id='word_1_40' title='bbox 387 1055 538 1140; x_wconf 75' lang='lat' dir='ltr'>abrupte</span> <span class='ocrx_word' id='word_1_41' title='bbox 552 1055 707 1122; x_wconf 87' lang='lat' dir='ltr'>adalind</span> <span class='ocrx_word' id='word_1_42' title='bbox 722 1054 906 1132; x_wconf 77' lang='lat' dir='ltr'>transitur,</span> <span class='ocrx_word' id='word_1_43' title='bbox 924 1055 998 1121; x_wconf 90' lang='lat' dir='ltr'>hiat</span> <span class='ocrx_word' id='word_1_44' title='bbox 1010 1055 1179 1122; x_wconf 90' lang='lat' dir='ltr'>commis-</span> 
     </span>
     <span class='ocr_line' id='line_1_7' title="bbox 63 1169 1176 1256; baseline 0.002 -21.898"><span class='ocrx_word' id='word_1_45' title='bbox 63 1191 78 1234; x_wconf 85' lang='grc'><strong>1</strong></span> <span class='ocrx_word' id='word_1_46' title='bbox 107 1189 195 1238; x_wconf 90' lang='lat' dir='ltr'>sura</span> <span class='ocrx_word' id='word_1_47' title='bbox 213 1190 220 1236; x_wconf 93' lang='lat'>:</span> <span class='ocrx_word' id='word_1_48' title='bbox 244 1171 306 1238; x_wconf 90' lang='lat' dir='ltr'>sed</span> <span class='ocrx_word' id='word_1_49' title='bbox 321 1171 365 1238; x_wconf 94' lang='lat' dir='ltr'>de</span> <span class='ocrx_word' id='word_1_50' title='bbox 380 1190 502 1238; x_wconf 89' lang='lat' dir='ltr'>amore</span> <span class='ocrx_word' id='word_1_51' title='bbox 518 1171 647 1256; x_wconf 87' lang='lat' dir='ltr'>agitur,</span> <span class='ocrx_word' id='word_1_52' title='bbox 667 1170 729 1256; x_wconf 92' lang='lat' dir='ltr'>qui</span> <span class='ocrx_word' id='word_1_53' title='bbox 743 1189 787 1238; x_wconf 89' lang='lat' dir='ltr'>ne</span> <span class='ocrx_word' id='word_1_54' title='bbox 803 1169 840 1236; x_wconf 93' lang='lat' dir='ltr'>in</span> <span class='ocrx_word' id='word_1_55' title='bbox 855 1169 1016 1238; x_wconf 81' lang='lat' dir='ltr'>carmine</span> <span class='ocrx_word' id='word_1_56' title='bbox 1031 1169 1176 1256; x_wconf 91' lang='lat' dir='ltr'>quidem</span> 
     </span>
     <span class='ocr_line' id='line_1_8' title="bbox 3 1263 690 1354; baseline 0 -5"><span class='ocrx_word' id='word_1_57' title='bbox 3 1263 5 1302; x_wconf 68' lang='lat'><strong>²</strong></span> <span class='ocrx_word' id='word_1_58' title='bbox 63 1307 78 1350; x_wconf 87' lang='lat' dir='ltr'>n</span> <span class='ocrx_word' id='word_1_59' title='bbox 106 1287 349 1354; x_wconf 89' lang='lat' dir='ltr'>litteratorum</span> <span class='ocrx_word' id='word_1_60' title='bbox 370 1286 555 1353; x_wconf 89' lang='lat' dir='ltr'>inditione</span> <span class='ocrx_word' id='word_1_61' title='bbox 570 1286 652 1354; x_wconf 87' lang='lat' dir='ltr'>est⁴.</span> <span class='ocrx_word' id='word_1_62' title='bbox 674 1305 690 1350; x_wconf 82' lang='lat' dir='ltr'>n</span> 
     </span>
     <span class='ocr_line' id='line_1_9' title="bbox 107 1395 1175 1470; baseline -0.002 -2.179"><span class='ocrx_word' id='word_1_63' title='bbox 107 1401 218 1469; x_wconf 93' lang='lat' dir='ltr'>Nobis</span> <span class='ocrx_word' id='word_1_64' title='bbox 232 1395 318 1470; x_wconf 86' lang='lat' dir='ltr'>vero</span> <span class='ocrx_word' id='word_1_65' title='bbox 329 1402 391 1469; x_wconf 92' lang='lat' dir='ltr'>illa</span> <span class='ocrx_word' id='word_1_66' title='bbox 405 1401 598 1468; x_wconf 88' lang='lat' dir='ltr'>Raimundi</span> <span class='ocrx_word' id='word_1_67' title='bbox 612 1401 789 1468; x_wconf 89' lang='lat' dir='ltr'>sententia</span> <span class='ocrx_word' id='word_1_68' title='bbox 803 1401 899 1467; x_wconf 92' lang='lat' dir='ltr'>haud</span> <span class='ocrx_word' id='word_1_69' title='bbox 913 1419 1004 1468; x_wconf 91' lang='lat' dir='ltr'>vana</span> <span class='ocrx_word' id='word_1_70' title='bbox 1018 1399 1175 1468; x_wconf 88' lang='lat' dir='ltr'>videtur:</span> 
     </span>
     <span class='ocr_line' id='line_1_10' title="bbox 2 1515 1178 1607; baseline -0.002 -23"><span class='ocrx_word' id='word_1_71' title='bbox 2 1584 6 1607; x_wconf 30' lang='lat' dir='ltr'>f</span> <span class='ocrx_word' id='word_1_72' title='bbox 62 1536 185 1585; x_wconf 90' lang='lat' dir='ltr'>nonne</span> <span class='ocrx_word' id='word_1_73' title='bbox 205 1518 302 1585; x_wconf 89' lang='lat' dir='ltr'>enim</span> <span class='ocrx_word' id='word_1_74' title='bbox 319 1518 408 1585; x_wconf 85' lang='lat' dir='ltr'>haec</span> <span class='ocrx_word' id='word_1_75' title='bbox 428 1518 652 1585; x_wconf 87' lang='lat' dir='ltr'>demonstrat</span> <span class='ocrx_word' id='word_1_76' title='bbox 668 1517 772 1583; x_wconf 93' lang='lat' dir='ltr'>illum</span> <span class='ocrx_word' id='word_1_77' title='bbox 789 1515 1066 1584; x_wconf 90' lang='lat' dir='ltr'>Provincialium</span> <span class='ocrx_word' id='word_1_78' title='bbox 1089 1516 1178 1602; x_wconf 83' lang='lat' dir='ltr'>lyri-</span> 
     </span>
     <span class='ocr_line' id='line_1_11' title="bbox 62 1632 1177 1719; baseline -0.003 -17.204"><span class='ocrx_word' id='word_1_79' title='bbox 62 1651 191 1702; x_wconf 85' lang='lat' dir='ltr'>corum</span> <span class='ocrx_word' id='word_1_80' title='bbox 212 1634 449 1719; x_wconf 87' lang='lat' dir='ltr'>praecipuum</span> <span class='ocrx_word' id='word_1_81' title='bbox 470 1634 600 1700; x_wconf 85' lang='lat' dir='ltr'>vitium</span> <span class='ocrx_word' id='word_1_82' title='bbox 626 1633 818 1710; x_wconf 86' lang='lat' dir='ltr'>notavisse,</span> <span class='ocrx_word' id='word_1_83' title='bbox 846 1632 881 1699; x_wconf 91' lang='lat' dir='ltr'>id</span> <span class='ocrx_word' id='word_1_84' title='bbox 906 1637 959 1699; x_wconf 88' lang='lat' dir='ltr'>est</span> <span class='ocrx_word' id='word_1_85' title='bbox 983 1632 1177 1700; x_wconf 87' lang='lat' dir='ltr'>allectuum</span> 
     </span>
     <span class='ocr_line' id='line_1_12' title="bbox 62 1747 1178 1834; baseline -0.002 -18.104"><span class='ocrx_word' id='word_1_86' title='bbox 62 1747 367 1816; x_wconf 81' lang='lat' dir='ltr'>simulationem?</span> <span class='ocrx_word' id='word_1_87' title='bbox 382 1748 494 1816; x_wconf 92' lang='lat' dir='ltr'>Nemo</span> <span class='ocrx_word' id='word_1_88' title='bbox 507 1748 674 1834; x_wconf 86' lang='lat' dir='ltr'>equidem</span> <span class='ocrx_word' id='word_1_89' title='bbox 689 1749 828 1833; x_wconf 82' lang='lat' dir='ltr'>ignorat</span> <span class='ocrx_word' id='word_1_90' title='bbox 843 1748 1003 1814; x_wconf 91' lang='lat' dir='ltr'>inanimi</span> <span class='ocrx_word' id='word_1_91' title='bbox 1020 1748 1178 1816; x_wconf 90' lang='lat' dir='ltr'>motibus</span> 
     </span>
     <span class='ocr_line' id='line_1_13' title="bbox 2 1855 1178 1950; baseline -0.003 -16"><span class='ocrx_word' id='word_1_92' title='bbox 2 1855 3 1934; x_wconf 68' lang='lat' dir='ltr'>l</span> <span class='ocrx_word' id='word_1_93' title='bbox 29 1922 32 1929; x_wconf 96' lang='lat'>.</span> <span class='ocrx_word' id='word_1_94' title='bbox 63 1866 199 1933; x_wconf 89' lang='lat' dir='ltr'>multas</span> <span class='ocrx_word' id='word_1_95' title='bbox 214 1865 504 1950; x_wconf 86' lang='lat' dir='ltr'>perturbationes</span> <span class='ocrx_word' id='word_1_96' title='bbox 523 1865 601 1931; x_wconf 89' lang='lat' dir='ltr'>fieri</span> <span class='ocrx_word' id='word_1_97' title='bbox 618 1864 732 1932; x_wconf 89' lang='lat' dir='ltr'>solere</span> <span class='ocrx_word' id='word_1_98' title='bbox 748 1869 781 1930; x_wconf 92' lang='lat' dir='ltr'>et</span> <span class='ocrx_word' id='word_1_99' title='bbox 801 1863 846 1931; x_wconf 93' lang='lat' dir='ltr'>ob</span> <span class='ocrx_word' id='word_1_100' title='bbox 867 1863 901 1930; x_wconf 94' lang='lat' dir='ltr'>id</span> <span class='ocrx_word' id='word_1_101' title='bbox 917 1863 1037 1950; x_wconf 88' lang='lat' dir='ltr'>ipsum</span> <span class='ocrx_word' id='word_1_102' title='bbox 1053 1883 1178 1948; x_wconf 89' lang='lat' dir='ltr'>qnam·</span> 
     </span>
    </p>

    <p class='ocr_par' dir='ltr' id='par_1_3' title="bbox 62 1979 1177 2066">
     <span class='ocr_line' id='line_1_14' title="bbox 62 1979 1177 2066; baseline 0 -20"><span class='ocrx_word' id='word_1_103' title='bbox 62 1979 146 2046; x_wconf 92' lang='lat' dir='ltr'>dam</span> <span class='ocrx_word' id='word_1_104' title='bbox 164 1981 446 2048; x_wconf 77' lang='lat' dir='ltr'>inconstantiam</span> <span class='ocrx_word' id='word_1_105' title='bbox 462 1981 558 2066; x_wconf 92' lang='lat' dir='ltr'>apud</span> <span class='ocrx_word' id='word_1_106' title='bbox 573 1980 703 2066; x_wconf 81' lang='lat' dir='ltr'>lyricos</span> <span class='ocrx_word' id='word_1_107' title='bbox 724 1979 941 2064; x_wconf 85' lang='lat' dir='ltr'>deprehendi</span> <span class='ocrx_word' id='word_1_108' title='bbox 964 1997 1067 2065; x_wconf 85' lang='lat' dir='ltr'>posse</span> <span class='ocrx_word' id='word_1_109' title='bbox 1085 2000 1092 2058; x_wconf 95' lang='lat'>;</span> <span class='ocrx_word' id='word_1_110' title='bbox 1116 1979 1177 2046; x_wconf 89' lang='lat' dir='ltr'>sed</span> 
     </span>
    </p>

    <p class='ocr_par' dir='ltr' id='par_1_4' title="bbox 63 2093 1178 2180">
     <span class='ocr_line' id='line_1_15' title="bbox 63 2093 1178 2180; baseline 0.001 -19"><span class='ocrx_word' id='word_1_111' title='bbox 63 2096 98 2162; x_wconf 94' lang='lat' dir='ltr'>id</span> <span class='ocrx_word' id='word_1_112' title='bbox 119 2097 360 2163; x_wconf 86' lang='lat' dir='ltr'>conliteamur</span> <span class='ocrx_word' id='word_1_113' title='bbox 380 2115 527 2164; x_wconf 83' lang='lat' dir='ltr'>necesse</span> <span class='ocrx_word' id='word_1_114' title='bbox 546 2101 611 2174; x_wconf 87' lang='lat' dir='ltr'>est,</span> <span class='ocrx_word' id='word_1_115' title='bbox 630 2095 816 2162; x_wconf 88' lang='lat' dir='ltr'>Australes</span> <span class='ocrx_word' id='word_1_116' title='bbox 837 2099 958 2180; x_wconf 89' lang='lat' dir='ltr'>poetas</span> <span class='ocrx_word' id='word_1_117' title='bbox 978 2095 1014 2161; x_wconf 93' lang='lat' dir='ltr'>in</span> <span class='ocrx_word' id='word_1_118' title='bbox 1035 2093 1178 2162; x_wconf 90' lang='lat' dir='ltr'>brevio-</span> 
     </span>
    </p>

    <p class='ocr_par' dir='ltr' id='par_1_5' title="bbox 1 2210 1178 2412">
     <span class='ocr_line' id='line_1_16' title="bbox 64 2210 1178 2297; baseline 0 -20"><span class='ocrx_word' id='word_1_119' title='bbox 64 2211 167 2278; x_wconf 90' lang='lat' dir='ltr'>ribus</span> <span class='ocrx_word' id='word_1_120' title='bbox 193 2212 419 2278; x_wconf 86' lang='lat' dir='ltr'>carminibus</span> <span class='ocrx_word' id='word_1_121' title='bbox 445 2231 569 2278; x_wconf 90' lang='lat' dir='ltr'>secum</span> <span class='ocrx_word' id='word_1_122' title='bbox 598 2210 795 2297; x_wconf 84' lang='lat' dir='ltr'>pugnantia</span> <span class='ocrx_word' id='word_1_123' title='bbox 824 2210 1108 2295; x_wconf 78' lang='lat' dir='ltr'>expressissent,</span> <span class='ocrx_word' id='word_1_124' title='bbox 1139 2215 1178 2278; x_wconf 89' lang='lat' dir='ltr'>ut</span> 
     </span>
     <span class='ocr_line' id='line_1_17' title="bbox 1 2311 1177 2412; baseline 0.002 -20"><span class='ocrx_word' id='word_1_125' title='bbox 1 2311 2 2350; x_wconf 38' lang='lat' dir='ltr'>l</span> <span class='ocrx_word' id='word_1_126' title='bbox 63 2327 158 2394; x_wconf 92' lang='lat' dir='ltr'>uotis</span> <span class='ocrx_word' id='word_1_127' title='bbox 182 2325 298 2394; x_wconf 83' lang='lat' dir='ltr'>Flacci</span> <span class='ocrx_word' id='word_1_128' title='bbox 319 2326 438 2394; x_wconf 89' lang='lat' dir='ltr'>verbis</span> <span class='ocrx_word' id='word_1_129' title='bbox 459 2331 617 2404; x_wconf 90' lang='lat' dir='ltr'>utamur,</span> <span class='ocrx_word' id='word_1_130' title='bbox 640 2326 784 2412; x_wconf 89' lang='lat' dir='ltr'>saepius</span> <span class='ocrx_word' id='word_1_131' title='bbox 804 2326 939 2392; x_wconf 88' lang='lat' dir='ltr'>eisdem</span> <span class='ocrx_word' id='word_1_132' title='bbox 960 2325 1124 2394; x_wconf 88' lang='lat' dir='ltr'>versibus</span> <span class='ocrx_word' id='word_1_133' title='bbox 1144 2331 1177 2394; x_wconf 89' lang='lat' dir='ltr'>et</span> 
     </span>
    </p>

    <p class='ocr_par' dir='ltr' id='par_1_6' title="bbox 1 2439 1259 3570">
     <span class='ocr_line' id='line_1_18' title="bbox 64 2439 1174 2529; baseline 0 -21"><span class='ocrx_word' id='word_1_134' title='bbox 64 2440 319 2529; x_wconf 76' lang='lat' dir='ltr'>querimoniam</span> <span class='ocrx_word' id='word_1_135' title='bbox 334 2447 368 2510; x_wconf 90' lang='lat' dir='ltr'>et</span> <span class='ocrx_word' id='word_1_136' title='bbox 380 2439 452 2508; x_wconf 79' lang='lat' dir='ltr'>coti</span> <span class='ocrx_word' id='word_1_137' title='bbox 464 2440 666 2508; x_wconf 79' lang='lat' dir='ltr'>sententium</span> <span class='ocrx_word' id='word_1_138' title='bbox 677 2447 860 2528; x_wconf 83' lang='lat' dir='ltr'>compotem</span> <span class='ocrx_word' id='word_1_139' title='bbox 872 2441 981 2510; x_wconf 93' lang='lat' dir='ltr'>simul</span> <span class='ocrx_word' id='word_1_140' title='bbox 992 2439 1174 2508; x_wconf 72' lang='lat' dir='ltr'>inclusisse.</span> 
     </span>
     <span class='ocr_line' id='line_1_19' title="bbox 4 2547 1176 2644; baseline 0 -20"><span class='ocrx_word' id='word_1_141' title='bbox 4 2547 5 2552; x_wconf 62' lang='grc'>’</span> <span class='ocrx_word' id='word_1_142' title='bbox 64 2556 302 2626; x_wconf 90' lang='lat' dir='ltr'>Laudandum</span> <span class='ocrx_word' id='word_1_143' title='bbox 334 2558 444 2644; x_wconf 84' lang='lat' dir='ltr'>igitur</span> <span class='ocrx_word' id='word_1_144' title='bbox 473 2557 719 2625; x_wconf 88' lang='lat' dir='ltr'>Raimundnm</span> <span class='ocrx_word' id='word_1_145' title='bbox 745 2557 897 2624; x_wconf 90' lang='lat' dir='ltr'>Vitalem</span> <span class='ocrx_word' id='word_1_146' title='bbox 926 2557 1176 2626; x_wconf 89' lang='lat' dir='ltr'>existimamus</span> 
     </span>
     <span class='ocr_line' id='line_1_20' title="bbox 1 2673 1177 2760; baseline 0.003 -22"><span class='ocrx_word' id='word_1_147' title='bbox 1 2679 2 2738; x_wconf 85' lang='lat' dir='ltr'>l</span> <span class='ocrx_word' id='word_1_148' title='bbox 66 2674 161 2759; x_wconf 94' lang='lat' dir='ltr'>quod</span> <span class='ocrx_word' id='word_1_149' title='bbox 199 2673 444 2741; x_wconf 88' lang='lat' dir='ltr'>sinceritatem</span> <span class='ocrx_word' id='word_1_150' title='bbox 482 2673 766 2740; x_wconf 78' lang='lat' dir='ltr'>Prouincialibus</span> <span class='ocrx_word' id='word_1_151' title='bbox 804 2673 926 2758; x_wconf 87' lang='lat' dir='ltr'>lyricis</span> <span class='ocrx_word' id='word_1_152' title='bbox 964 2674 1177 2760; x_wconf 88' lang='lat' dir='ltr'>plerumque</span> 
     </span>
     <span class='ocr_line' id='line_1_21' title="bbox 65 2788 1177 2874; baseline 0.004 -20.728"><span class='ocrx_word' id='word_1_153' title='bbox 65 2790 221 2856; x_wconf 82' lang='lat' dir='ltr'>defuisse</span> <span class='ocrx_word' id='word_1_154' title='bbox 236 2789 543 2867; x_wconf 88' lang='lat' dir='ltr'>animadverterit,</span> <span class='ocrx_word' id='word_1_155' title='bbox 560 2789 695 2856; x_wconf 91' lang='lat' dir='ltr'>nedum</span> <span class='ocrx_word' id='word_1_156' title='bbox 715 2788 819 2855; x_wconf 88' lang='lat' dir='ltr'>illum</span> <span class='ocrx_word' id='word_1_157' title='bbox 835 2789 981 2874; x_wconf 93' lang='lat' dir='ltr'>quodid</span> <span class='ocrx_word' id='word_1_158' title='bbox 997 2789 1177 2858; x_wconf 89' lang='lat' dir='ltr'>Bernardo</span> 
     </span>
     <span class='ocr_line' id='line_1_22' title="bbox 1 2902 674 2992; baseline -0.001 -21"><span class='ocrx_word' id='word_1_159' title='bbox 1 2911 2 2921; x_wconf 77' lang='grc'>’</span> <span class='ocrx_word' id='word_1_160' title='bbox 65 2902 674 2992; x_wconf 87' lang='lat' dir='ltr'>exprobraveritreprehendamus.</span> 
     </span>
     <span class='ocr_line' id='line_1_23' title="bbox 108 3021 1176 3108; baseline 0.003 -20"><span class='ocrx_word' id='word_1_161' title='bbox 108 3021 287 3102; x_wconf 84' lang='lat' dir='ltr'>Ceterum,</span> <span class='ocrx_word' id='word_1_162' title='bbox 321 3021 547 3088; x_wconf 86' lang='lat' dir='ltr'>existimator</span> <span class='ocrx_word' id='word_1_163' title='bbox 575 3021 663 3106; x_wconf 87' lang='lat' dir='ltr'>ipse,</span> <span class='ocrx_word' id='word_1_164' title='bbox 692 3021 798 3108; x_wconf 90' lang='lat' dir='ltr'>cujus</span> <span class='ocrx_word' id='word_1_165' title='bbox 829 3021 1034 3108; x_wconf 88' lang='lat' dir='ltr'>opinionem</span> <span class='ocrx_word' id='word_1_166' title='bbox 1067 3041 1176 3108; x_wconf 88' lang='lat' dir='ltr'>supra</span> 
     </span>
     <span class='ocr_line' id='line_1_24' title="bbox 64 3136 1259 3222; baseline 0.001 -18"><span class='ocrx_word' id='word_1_167' title='bbox 64 3137 445 3216; x_wconf 65' lang='lat' dir='ltr'>commemoravimus</span> <span class='ocrx_word' id='word_1_168' title='bbox 464 3137 553 3203; x_wconf 88' lang='lat' dir='ltr'>haec</span> <span class='ocrx_word' id='word_1_169' title='bbox 572 3141 606 3203; x_wconf 89' lang='lat' dir='ltr'>et</span> <span class='ocrx_word' id='word_1_170' title='bbox 626 3136 710 3203; x_wconf 90' lang='lat' dir='ltr'>talia</span> <span class='ocrx_word' id='word_1_171' title='bbox 729 3136 860 3222; x_wconf 89' lang='lat' dir='ltr'>judicia</span> <span class='ocrx_word' id='word_1_172' title='bbox 882 3142 1059 3222; x_wconf 73' lang='lat' dir='ltr'>spectans</span> <span class='ocrx_word' id='word_1_173' title='bbox 1083 3143 1178 3205; x_wconf 88' lang='lat' dir='ltr'>reete</span> <span class='ocrx_word' id='word_1_174' title='bbox 1253 3177 1259 3196; x_wconf 58' lang='grc' dir='ltr'><em>ι</em></span> 
     </span>
     <span class='ocr_line' id='line_1_25' title="bbox 64 3252 1178 3338; baseline 0 -19"><span class='ocrx_word' id='word_1_175' title='bbox 64 3253 153 3322; x_wconf 89' lang='lat' dir='ltr'>dixit</span> <span class='ocrx_word' id='word_1_176' title='bbox 172 3272 178 3320; x_wconf 94' lang='lat'>:</span> <span class='ocrx_word' id='word_1_177' title='bbox 203 3273 219 3317; x_wconf 88' lang='lat'>«</span> <span class='ocrx_word' id='word_1_178' title='bbox 237 3253 322 3321; x_wconf 91' lang='lat' dir='ltr'>illae</span> <span class='ocrx_word' id='word_1_179' title='bbox 342 3252 675 3320; x_wconf 88' lang='lat' dir='ltr'>animadversiones</span> <span class='ocrx_word' id='word_1_180' title='bbox 692 3257 829 3320; x_wconf 89' lang='lat' dir='ltr'>rectum</span> <span class='ocrx_word' id='word_1_181' title='bbox 846 3253 1100 3338; x_wconf 87' lang='lat' dir='ltr'>eruditumque</span> <span class='ocrx_word' id='word_1_182' title='bbox 1120 3254 1178 3320; x_wconf 87' lang='lat' dir='ltr'>in-</span> 
     </span>
     <span class='ocr_line' id='line_1_26' title="bbox 1 3357 1177 3455; baseline 0.001 -21"><span class='ocrx_word' id='word_1_183' title='bbox 1 3357 2 3434; x_wconf 62' lang='lat'>}</span> <span class='ocrx_word' id='word_1_184' title='bbox 67 3387 86 3432; x_wconf 80' lang='lat' dir='ltr'>n</span> <span class='ocrx_word' id='word_1_185' title='bbox 110 3371 256 3455; x_wconf 84' lang='lat' dir='ltr'>genium</span> <span class='ocrx_word' id='word_1_186' title='bbox 277 3369 461 3436; x_wconf 88' lang='lat' dir='ltr'>declarant</span> <span class='ocrx_word' id='word_1_187' title='bbox 481 3374 515 3436; x_wconf 88' lang='lat' dir='ltr'>et</span> <span class='ocrx_word' id='word_1_188' title='bbox 536 3368 731 3453; x_wconf 90' lang='lat' dir='ltr'>quamdam</span> <span class='ocrx_word' id='word_1_189' title='bbox 751 3368 967 3453; x_wconf 88' lang='lat' dir='ltr'>exquisitam</span> <span class='ocrx_word' id='word_1_190' title='bbox 994 3369 1177 3455; x_wconf 90' lang='lat' dir='ltr'>judicandi</span> 
     </span>
     <span class='ocr_line' id='line_1_27' title="bbox 1 3465 1177 3570; baseline -0.003 -14"><span class='ocrx_word' id='word_1_191' title='bbox 1 3465 2 3556; x_wconf 58' lang='grc' dir='ltr'><strong><em>ἶ</em></strong></span> <span class='ocrx_word' id='word_1_192' title='bbox 52 3485 329 3565; x_wconf 70' lang='lat' dir='ltr'>simultatem,</span> <span class='ocrx_word' id='word_1_193' title='bbox 357 3503 467 3570; x_wconf 89' lang='lat' dir='ltr'>quam</span> <span class='ocrx_word' id='word_1_194' title='bbox 492 3484 552 3552; x_wconf 93' lang='lat' dir='ltr'>vix</span> <span class='ocrx_word' id='word_1_195' title='bbox 579 3484 672 3550; x_wconf 89' lang='lat' dir='ltr'>tertii</span> <span class='ocrx_word' id='word_1_196' title='bbox 699 3484 828 3551; x_wconf 90' lang='lat' dir='ltr'>decimi</span> <span class='ocrx_word' id='word_1_197' title='bbox 853 3483 986 3551; x_wconf 90' lang='lat' dir='ltr'>saeculi</span> <span class='ocrx_word' id='word_1_198' title='bbox 1013 3485 1177 3554; x_wconf 92' lang='lat' dir='ltr'>technico</span> 
     </span>
    </p>

    <p class='ocr_par' dir='ltr' id='par_1_7' title="bbox 1 3600 1177 3802">
     <span class='ocr_line' id='line_1_28' title="bbox 68 3600 1177 3678; baseline 0.005 -16"><span class='ocrx_word' id='word_1_199' title='bbox 68 3618 87 3662; x_wconf 83' lang='lat' dir='ltr'>n</span> <span class='ocrx_word' id='word_1_200' title='bbox 111 3601 226 3670; x_wconf 89' lang='lat' dir='ltr'>inesse</span> <span class='ocrx_word' id='word_1_201' title='bbox 245 3601 401 3668; x_wconf 88' lang='lat' dir='ltr'>eredas¹.</span> <span class='ocrx_word' id='word_1_202' title='bbox 422 3621 438 3664; x_wconf 86' lang='grc'><strong>1)</strong></span> <span class='ocrx_word' id='word_1_203' title='bbox 461 3600 611 3678; x_wconf 85' lang='lat' dir='ltr'>Etenim,</span> <span class='ocrx_word' id='word_1_204' title='bbox 634 3618 718 3667; x_wconf 91' lang='lat' dir='ltr'>cum</span> <span class='ocrx_word' id='word_1_205' title='bbox 741 3600 784 3666; x_wconf 93' lang='lat' dir='ltr'>de</span> <span class='ocrx_word' id='word_1_206' title='bbox 806 3605 879 3667; x_wconf 91' lang='lat' dir='ltr'>tam</span> <span class='ocrx_word' id='word_1_207' title='bbox 904 3600 1075 3668; x_wconf 87' lang='lat' dir='ltr'>brevibus</span> <span class='ocrx_word' id='word_1_208' title='bbox 1097 3601 1177 3668; x_wconf 88' lang='lat' dir='ltr'>ani-</span> 
     </span>
     <span class='ocr_line' id='line_1_29' title="bbox 1 3716 1176 3802; baseline 0.002 -20"><span class='ocrx_word' id='word_1_209' title='bbox 1 3739 2 3766; x_wconf 69' lang='lat'><em>2</em></span> <span class='ocrx_word' id='word_1_210' title='bbox 67 3717 378 3785; x_wconf 89' lang='lat' dir='ltr'>madversionibus</span> <span class='ocrx_word' id='word_1_211' title='bbox 393 3716 491 3783; x_wconf 88' lang='lat' dir='ltr'>haud</span> <span class='ocrx_word' id='word_1_212' title='bbox 506 3716 613 3801; x_wconf 83' lang='lat' dir='ltr'>longa</span> <span class='ocrx_word' id='word_1_213' title='bbox 628 3716 883 3783; x_wconf 88' lang='lat' dir='ltr'>commentatio</span> <span class='ocrx_word' id='word_1_214' title='bbox 896 3716 974 3784; x_wconf 89' lang='lat' dir='ltr'>lieri</span> <span class='ocrx_word' id='word_1_215' title='bbox 990 3717 1114 3802; x_wconf 91' lang='lat' dir='ltr'>possit,</span> <span class='ocrx_word' id='word_1_216' title='bbox 1133 3736 1176 3786; x_wconf 90' lang='lat' dir='ltr'>ex</span> 
     </span>
    </p>
   </div>
   <div class='ocr_carea' id='block_1_3' title="bbox 1 3775 3 3883">
    <p class='ocr_par' dir='ltr' id='par_1_8' title="bbox 1 3775 3 3890">
     <span class='ocr_line' id='line_1_30' title="bbox 1 3775 3 3883; baseline 0 0"><span class='ocrx_word' id='word_1_217' title='bbox 1 3775 3 3883; x_wconf 86' lang='lat' dir='ltr'>l</span> 
     </span>
    </p>
   </div>
   <div class='ocr_carea' id='block_1_4' title="bbox 1 3893 1176 4080">
    <p class='ocr_par' dir='ltr' id='par_1_9' title="bbox 1 3893 1176 4080">
     <span class='ocr_line' id='line_1_31' title="bbox 1 3893 1176 3982; baseline 0.006 -22"><span class='ocrx_word' id='word_1_218' title='bbox 1 3893 3 3953; x_wconf 56' lang='grc' dir='ltr'><em>ἶ</em></span> <span class='ocrx_word' id='word_1_219' title='bbox 70 3923 87 3962; x_wconf 76' lang='lat' dir='ltr'>a</span> <span class='ocrx_word' id='word_1_220' title='bbox 107 3908 136 3966; x_wconf 84' lang='lat' dir='ltr'>in</span> <span class='ocrx_word' id='word_1_221' title='bbox 150 3915 318 3967; x_wconf 82' lang='lat' dir='ltr'>ceterarum</span> <span class='ocrx_word' id='word_1_222' title='bbox 333 3909 491 3966; x_wconf 79' lang='lat' dir='ltr'>ntulierum</span> <span class='ocrx_word' id='word_1_223' title='bbox 506 3908 649 3966; x_wconf 81' lang='lat' dir='ltr'>ditionem</span> <span class='ocrx_word' id='word_1_224' title='bbox 666 3909 732 3966; x_wconf 80' lang='lat' dir='ltr'>ueni</span> <span class='ocrx_word' id='word_1_225' title='bbox 745 3930 757 3974; x_wconf 93' lang='lat'>,·</span> <span class='ocrx_word' id='word_1_226' title='bbox 776 3927 904 3982; x_wconf 77' lang='lat' dir='ltr'>quorum</span> <span class='ocrx_word' id='word_1_227' title='bbox 920 3929 991 3975; x_wconf 83' lang='lat' dir='ltr'>una,</span> <span class='ocrx_word' id='word_1_228' title='bbox 1008 3910 1035 3968; x_wconf 79' lang='lat' dir='ltr'>si</span> <span class='ocrx_word' id='word_1_229' title='bbox 1050 3909 1176 3977; x_wconf 82' lang='lat' dir='ltr'>uidetur,</span> 
     </span>
     <span class='ocr_line' id='line_1_32' title="bbox 1 3993 751 4080; baseline 0.007 -35"><span class='ocrx_word' id='word_1_230' title='bbox 1 4035 3 4080; x_wconf 37' lang='grc' dir='ltr'><strong>ἰ</strong></span> <span class='ocrx_word' id='word_1_231' title='bbox 71 4007 86 4045; x_wconf 82' lang='lat' dir='ltr'>n</span> <span class='ocrx_word' id='word_1_232' title='bbox 106 4012 148 4051; x_wconf 86' lang='lat' dir='ltr'>me</span> <span class='ocrx_word' id='word_1_233' title='bbox 161 4013 246 4051; x_wconf 76' lang='lat' dir='ltr'>servo</span> <span class='ocrx_word' id='word_1_234' title='bbox 260 3994 305 4052; x_wconf 83' lang='lat' dir='ltr'>uti</span> <span class='ocrx_word' id='word_1_235' title='bbox 311 3998 420 4070; x_wconf 80' lang='lat' dir='ltr'>potest.</span> <span class='ocrx_word' id='word_1_236' title='bbox 439 4011 454 4048; x_wconf 77' lang='lat' dir='ltr'>n</span> <span class='ocrx_word' id='word_1_237' title='bbox 477 3995 533 4069; x_wconf 85' lang='lat' dir='ltr'>Op.</span> <span class='ocrx_word' id='word_1_238' title='bbox 550 3993 644 4058; x_wconf 70' lang='lat' dir='ltr'>iared„</span> <span class='ocrx_word' id='word_1_239' title='bbox 661 4011 690 4065; x_wconf 91' lang='lat' dir='ltr'>p.</span> <span class='ocrx_word' id='word_1_240' title='bbox 707 3993 751 4050; x_wconf 88' lang='lat'>85.</span> 
     </span>
    </p>
   </div>
   <div class='ocr_carea' id='block_1_5' title="bbox 1 4105 359 4356">
    <p class='ocr_par' dir='ltr' id='par_1_10' title="bbox 1 4085 359 4356">
     <span class='ocr_line' id='line_1_33' title="bbox 102 4105 359 4178; baseline 0.003 -17.718"><span class='ocrx_word' id='word_1_241' title='bbox 102 4106 126 4161; x_wconf 90' lang='lat'>1.</span> <span class='ocrx_word' id='word_1_242' title='bbox 144 4105 234 4172; x_wconf 72' lang='lat' dir='ltr'>rau,</span> <span class='ocrx_word' id='word_1_243' title='bbox 251 4121 281 4178; x_wconf 83' lang='lat' dir='ltr'>p.</span> <span class='ocrx_word' id='word_1_244' title='bbox 296 4106 359 4162; x_wconf 84' lang='lat' dir='ltr'>LV.</span> 
     </span>
     <span class='ocr_line' id='line_1_34' title="bbox 1 4217 343 4290; baseline -0.02 -10"><span class='ocrx_word' id='word_1_245' title='bbox 1 4228 2 4280; x_wconf 79' lang='lat' dir='ltr'>t</span> <span class='ocrx_word' id='word_1_246' title='bbox 101 4217 343 4290; x_wconf 78' lang='lat' dir='ltr'>2.1oict.,p.L1.</span> 
     </span>
     <span class='ocr_line' id='line_1_35' title="bbox 1 4315 3 4356; baseline 0 0"><span class='ocrx_word' id='word_1_247' title='bbox 1 4315 3 4356; x_wconf 87' lang='lat' dir='ltr'>l</span> 
     </span>
    </p>
   </div>
   <div class='ocr_carea' id='block_1_6' title="bbox 0 0 1435 4952">
    <p class='ocr_par' dir='ltr' id='par_1_11' title="bbox 0 0 1435 4952">
     <span class='ocr_line' id='line_1_36' title="bbox 0 0 1435 4952; baseline 0 0"><span class='ocrx_word' id='word_1_248' title='bbox 0 0 1435 4952; x_wconf 95' lang='lat' dir='ltr'> </span> 
     </span>
    </p>
   </div>
  </div>
 </body>
</html>
