2860 4952
716 327 870 408 „4-

235 552 374 632 magna
412 559 500 632 pars
530 536 835 629 ¹Prouincialium
873 558 1032 630 operum
1071 534 1263 622 exciderit,
1311 556 1367 606 eo

235 663 451 734 accuratius
467 663 574 734 decet
593 685 661 734 nos
678 663 831 757 quidde
850 663 930 733 suis
946 661 1080 733 littoris
1102 662 1174 756 ipsi
1194 660 1368 731 Provin-

131 865 132 868 ,
236 787 353 890 ciales
370 788 571 876 senserint,
597 787 654 858 vel
677 787 849 858 minimis
875 785 1094 858 arictorihus
1112 784 1365 880 juvanlibus‚

235 911 440 1005 inquirere.

286 1036 370 1107 Non
399 1036 483 1107 ideo
513 1043 660 1108 tantum
688 1035 791 1109 locos
816 1037 862 1108 ad
894 1037 1039 1107 litteras
1067 1041 1279 1129 spectantes
1311 1035 1364 1106 in

236 1160 534 1232 provincialium
556 1160 735 1254 operibus
758 1161 1067 1254 recognoscimus
1086 1182 1162 1254 quo
1183 1159 1229 1231 de
1250 1181 1365 1232 uon-

235 1285 428 1357 nnllorum
462 1287 691 1380 scriptorum
728 1285 830 1357 fama
862 1293 899 1357 et
929 1285 1136 1367 virtutihus
1167 1285 1363 1366 certiores

235 1410 402 1500 fiamus3
431 1431 562 1482 verum
591 1411 704 1482 etiam
733 1432 826 1482 num
856 1410 949 1504 quid
976 1411 1022 1482 de
1047 1409 1240 1482 scribendi
1268 1418 1362 1482 arte

236 1535 463 1628 generaliter
481 1535 734 1614 disseruerint
753 1535 947 1607 nostrates
968 1556 1150 1628 quaerere
1173 1535 1382 1636 proposi-¹

235 1667 317 1732 tum
333 1668 400 1732 est.
418 1661 646 1754 Quanquam
665 1667 789 1732 autem
808 1659 990 1732 multaab
1006 1659 1066 1732 his
1084 1661 1131 1732 ad
1148 1668 1362 1754 praecepta

237 1785 362 1856 danda
387 1786 529 1878 scripta
554 1793 654 1873 sunt,
677 1807 796 1879 pauca
817 1785 968 1879 proprie
997 1785 1044 1857 ad
1065 1785 1211 1856 litteras
1231 1787 1361 1879 perti-

238 1918 340 1982 nent.
362 1911 445 1981 Non
471 1911 647 2003 equidem
672 1911 810 1982 desunt
833 1909 920 1982 li'ori
947 1911 985 1982 in
1006 1909 1146 2003 quibus
1167 1911 1213 1981 de
1235 1910 1360 1983 rebus

236 2013 353 2106 variis
368 2036 644 2129 disputationes
667 2035 844 2129 reperias
861 2035 926 2106 sed
950 2056 1034 2106 raro
1054 2035 1100 2106 de
1115 2035 1358 2129 optimarum
1424 2077 1425 2080 π

237 2160 526 2232 artiumstudiis
542 2160 600 2232 vel
614 2161 660 2232 de
674 2159 833 2232 honesta
847 2140 1358 2254 doctrinaaliquidartificio

237 2292 273 2356 et
301 2284 361 2355 via
389 2284 584 2382 Australes
609 2285 862 2356 tradiderunt.
894 2284 1079 2379 Pleraque
1106 2285 1209 2358 enim
1235 2307 1359 2380 opera

237 2415 326 2480 sunt
341 2409 387 2480 de
401 2409 649 2502 grammatica
664 2417 728 2480 aut
744 2411 789 2480 de
806 2432 846 2481 re
861 2411 1029 2498 metrica,
1046 2411 1138 2482 dum
1157 2411 1357 2504 quomodo

236 2535 442 2628 scriptores
463 2534 592 2626 lingua
613 2535 811 2606 emendata
833 2535 888 2606 uti
903 2542 967 2606 aut
985 2558 1118 2607 versus
1135 2536 1355 2608 secundum

236 2659 434 2754 probatam
460 2659 702 2753 disciplinam
730 2661 893 2731 condere
920 2661 1068 2754 possint
1093 2661 1356 2734 Provinciales

235 2784 444 2856 edisserere
465 2791 663 2856 conantur.
1039 2765 1041 2775 Δ

285 2909 370 2980 Non
393 2916 518 2980 tamen
541 2909 698 2982 omniuo
719 2930 878 3002 eaquae
898 2909 945 2981 de
965 2909 1179 2982 litterarum
1200 2910 1236 2982 vi
1260 2933 1355 2983 sen-

235 3033 381 3106 tiebant
406 3034 746 3128 praetermiserunt
767 3033 1037 3107 Provinciales,
1065 3037 1163 3120 Quin
1191 3035 1268 3107 imo
1289 3059 1355 3108 res

236 3160 393 3232 maximi
410 3160 589 3254 ponderis
604 3181 893 3254 nonnunquam,
904 3182 991 3232 cum
1004 3161 1175 3255 proprias
1190 3181 1354 3255 operum

235 3306 393 3356 suorum
420 3285 581 3356 virtutes
604 3284 875 3373 describerent,
901 3286 1241 3378 praestrinxerunt.
1270 3285 1354 3360 Nec

235 3411 408 3482 mirum:
443 3410 582 3481 etenim
622 3416 700 3481 tam
734 3418 882 3481 mature
913 3410 1099 3503 quasdam
1132 3411 1352 3486 litterarum

234 3542 361 3629 partes
382 3556 533 3606 summa
557 3526 637 3604 arte
661 3540 824 3606 tractare
845 3535 1047 3606 valuerunt
1068 3536 1175 3607 atde
1197 3536 1244 3607 iis
1262 3559 1355 3611 mox

235 3667 320 3754 apte
341 3659 565 3732 conclusere
586 3660 713 3731 dicere
736 3667 900 3754 possent.
922 3661 1030 3748 Nam,
1053 3661 1122 3731 etsi
1144 3661 1191 3732 iis
1208 3661 1353 3754 quihus

235 3793 372 3857 natura
389 3789 485 3856 inest
501 3786 718 3856 carminum
734 3785 1023 3856 condendorum
1042 3787 1152 3879 copia
1174 3807 1248 3857 non
1265 3786 1352 3859 ideo

236 3933 387 4004 semper
424 3911 481 3980 vis
517 3910 714 4004 judicandi
756 3909 878 3990 datur,
914 3918 1039 3980 tamen
1082 3911 1351 3999 Provinciales,
1428 3971 1429 3974 ,

237 4024 436 4132 propterea
452 4036 553 4129 qnod
575 4036 614 4106 in
631 4035 819 4128 principio
830 4035 908 4128 jam
925 4037 1017 4107 artis
1037 4037 1205 4130 argutias
1221 4037 1351 4130 magni
