2860 4952
684 374 861 463 ..76ss

214 586 302 654 tiam
318 590 626 675 reprehendemus
642 593 700 658 cui
721 593 864 676 saepius
881 593 1034 678 scriptor
1050 592 1226 678 indulget,
1246 611 1343 660 cum

214 702 290 788 ipse
315 706 383 771 hoc
410 705 539 772 vitium
562 707 641 773 aliis
666 708 966 792 exprobraverit¹.
989 707 1088 775 Adde
1113 709 1211 793 quod
1238 708 1345 774 idem
1411 703 1415 707 ’

181 811 182 814 ’
214 819 343 886 vitium
362 821 398 887 in
415 822 597 888 Guillelmi
614 842 720 908 opere
740 824 874 890 clarius
893 829 928 890 et
943 824 1131 890 molestius
1147 828 1215 902 est,
1234 825 1341 908 quia,

216 941 408 1028 postquam
434 938 493 1004 hic
522 945 711 1024 praecepta
738 933 855 1005 solu’ta
882 939 1042 1005 oratione
1069 939 1177 1016 dedit,
1209 939 1344 1006 minus

215 1052 328 1119 bonos
345 1073 470 1120 versus
486 1055 529 1121 de
549 1055 683 1120 eisdem
701 1056 809 1122 rebus
825 1056 978 1122 condere
994 1056 1113 1122 solct².

259 1168 297 1234 ln
318 1171 386 1236 hoc
402 1171 509 1236 etiam
527 1189 673 1255 peccare
690 1172 832 1238 videtur
851 1171 1066 1239 Guillelmus
1083 1173 1179 1256 quod
1200 1171 1344 1238 simili·
1398 1243 1400 1248 ,
1428 1219 1429 1224 1

215 1285 402 1352 tudinihus
425 1291 458 1352 et
480 1286 598 1353 verbis
620 1287 803 1354 translatis
826 1288 869 1354 ad
895 1307 951 1354 res
972 1288 1204 1373 exponendas
1223 1287 1343 1354 nimis

213 1401 421 1468 delectatur.

258 1515 328 1583 lsta
358 1518 504 1601 quidem
535 1519 676 1585 dicendi
709 1519 845 1585 ratione
880 1519 993 1586 utitur
1027 1525 1065 1585 ut
1098 1519 1262 1585 taedium
1301 1519 1341 1586 in

213 1633 373 1699 docendo
393 1634 531 1719 tugiat:
554 1636 650 1719 quod
670 1654 713 1701 ex
734 1635 803 1701 hoc
822 1635 901 1700 loco
916 1635 1126 1720 apparebit:

260 1766 275 1809 a
302 1749 462 1816 Alcunas
496 1750 699 1835 d'aqueslas
738 1756 837 1835 pertz
870 1749 1020 1816 d'oratio
1057 1751 1130 1816 han
1168 1751 1341 1818 maniera
1428 1809 1429 1846 3

213 1863 462 1949 d’emperador
475 1884 495 1931 o
509 1867 552 1932 de
568 1885 657 1951 gran
673 1867 821 1951 princep
836 1884 905 1951 que
919 1866 977 1933 vol
991 1866 1220 1932 comendare
1237 1867 1342 1952 regir
1428 1861 1429 1892 ³

130 2049 136 2052 ,
213 1997 295 2046 eno
311 1981 369 2046 vol
390 1999 489 2047 esser
505 2001 567 2066 per
583 1983 702 2049 schira
718 1983 885 2048 mandatu
901 1982 937 2047 ni
958 1981 1078 2066 regitz.
1105 1980 1340 2065 Ed'aquesta
1392 1975 1429 2032 f

213 2102 341 2162 natura
364 2115 401 2162 es
426 2097 457 2162 le
477 2094 572 2162 ceros
595 2099 655 2182 qui
683 2099 740 2165 vol
765 2099 860 2183 regir
884 2116 902 2164 e
928 2116 974 2163 no
999 2098 1057 2166 vol
1081 2115 1180 2164 esser
1205 2098 1337 2182 regim.

212 2210 371 2277 Alcunas
387 2218 510 2278 autras
524 2219 622 2298 partz
637 2215 812 2280 troharelz
826 2232 914 2298 qnez
928 2214 999 2279 han
1017 2213 1178 2278 maniera
1192 2213 1239 2279 dc
1254 2215 1338 2280 savi

211 2327 319 2394 home
335 2328 396 2412 qui
418 2329 476 2394 vol
501 2329 595 2414 regir
615 2335 648 2394 et
668 2348 766 2395 esser
787 2330 894 2413 regitz
915 2348 933 2396 e
953 2334 1146 2413 governatz
1163 2351 1180 2408 ;¹
1199 2335 1233 2394 et
1256 2329 1339 2396 d'a-
1428 2411 1429 2414 Ἴ

212 2449 336 2528 questa
353 2451 482 2510 natura
498 2463 562 2510 son
584 2445 605 2509 li
622 2462 702 2509 xraom
718 2445 749 2510 el
762 2442 983 2530 por·ticip.³p
1031 2445 1043 2466 ·
1428 2425 1429 2430 ¹

257 2557 324 2624 Sed
345 2559 381 2623 in
398 2559 518 2625 verbis
540 2558 799 2625 transferendis
823 2559 927 2623 illum
948 2559 1085 2625 diutius
1109 2563 1338 2628 commorari
1428 2537 1429 2542 ἵ

210 2673 443 2740 manifestum
466 2680 544 2740 est:
568 2675 743 2758 imagines
767 2674 864 2739 enim
887 2674 1067 2757 explicare
1087 2675 1135 2740 ita
1152 2677 1275 2742 studet
1294 2684 1335 2744 ut
1429 2730 1430 2733 ,

211 2808 283 2855 non
300 2790 418 2855 solum
435 2790 549 2856 oratio
570 2791 694 2855 lumen
715 2789 823 2855 rebus
844 2807 916 2854 non
937 2789 1116 2866 adhibeat,
1137 2791 1198 2856 sed
1219 2792 1335 2858 etiam

210 2905 277 2972 hae
299 2905 387 2970 fiant
407 2923 513 2988 saepe
536 2905 756 2970 difficiliores
772 2905 816 2970 ad
836 2888 1133 2990 intellegendum.
1159 2905 1335 2974 Attamen
1429 2886 1430 2939 3

210 3021 334 3086 eadem
351 3021 553 3105 exponendi
575 3021 711 3086 ratione
732 3021 886 3103 scriptor
908 3021 959 3086 uti
983 3026 1110 3104 potest,
1130 3022 1335 3089 dummodo
1365 3047 1370 3050 ·
1428 3079 1429 3086 ,

209 3136 386 3220 judicium
401 3137 437 3201 in
453 3137 519 3202 hac
533 3155 570 3202 re
584 3136 760 3202 ostendat,
777 3135 913 3213 Nonne,
928 3142 966 3202 ut
981 3137 1190 3220 exemplum
1205 3137 1334 3203 attera-

209 3271 304 3330 mus,
337 3251 516 3328 HoratiuS,
550 3269 634 3317 cuni
666 3251 857 3316 Pisonibus
888 3251 930 3316 de
965 3251 1106 3317 senario
1138 3259 1333 3338 praecepta

243 3473 269 3528 1.
292 3471 338 3528 Cl.
356 3489 455 3542 supra,
472 3489 501 3542 p,
518 3471 562 3526 73.

243 3583 269 3638 2.
291 3583 344 3639 Nil
367 3583 459 3652 igitur
482 3583 592 3637 mirum
613 3582 637 3636 si
655 3583 837 3638 Guillelmus
853 3582 915 3651 ipse
935 3581 1028 3654 Leges
1043 3580 1167 3636 Actoris
1189 3583 1222 3637 in
1238 3583 1330 3639 breve

208 3667 313 3736 coegit.
330 3669 373 3724 De
389 3669 444 3722 hac
460 3667 590 3737 epitome
603 3685 631 3721 v.
649 3667 835 3721 Clrciloneou
850 3667 881 3719 in
895 3665 974 3720 Hist.
993 3666 1092 3738 Lonq,
1108 3666 1224 3732 x‚179.
1245 3705 1248 3712 -

243 3779 269 3832 3.
290 3779 463 3832 Nonnullae
483 3795 518 3832 ex
540 3778 601 3832 illis
622 3777 764 3832 orationis
786 3777 940 3846 particulis
962 3777 1177 3846 imperatorum
1194 3780 1242 3832 vel
1262 3796 1327 3834 nia-

207 3879 331 3931 gnorum
348 3862 520 3932 principum
542 3879 621 3916 more
638 3880 667 3916 se
687 3865 802 3930 gerunt,
820 3862 870 3930 qui
887 3862 1034 3930 imperare
1050 3866 1078 3916 et
1093 3878 1194 3930 regere
1208 3863 1325 3928 volunt,

208 3947 258 4001 sed
274 3964 361 4000 omne
377 3947 539 4015 imperium
555 3948 603 4000 vel
619 3945 837 4000 oboedientiam
861 3946 1008 4014 abjiciunt
1025 3963 1031 4012 ;
1053 3945 1164 4000 similis
1184 3951 1227 4000 est
1248 3945 1328 4000 nerlii

207 4031 294 4098 ratic,
307 4031 382 4100 quod
395 4047 503 4099 regere,
517 4048 573 4084 non
589 4031 648 4097 regi
664 4032 739 4084 rult.
754 4031 923 4084 Nonnullae
935 4029 1009 4084 alias
1023 4030 1186 4098 particulas
1199 4029 1326 4099 reperire
1428 4071 1429 4078 ,

207 4120 262 4180 est,
279 4131 353 4183 quae
369 4113 551 4184 sapientium
568 4131 648 4167 moro
662 4132 692 4166 so
707 4118 822 4181 gerunt,
838 4111 887 4182 qui
905 4118 933 4167 et
948 4130 1047 4182 rogere
1062 4117 1091 4167 et
1106 4113 1167 4182 regi
1183 4114 1324 4182 guberna-

207 4199 291 4270 rique
302 4200 426 4252 volunt:
445 4199 517 4253 haec
532 4201 575 4253 est
591 4197 666 4254 ratio
683 4196 875 4264 continuaret
885 4195 1130 4274 participiorum.
1146 4212 1160 4249 u
1178 4199 1228 4266 (ll,
1244 4212 1272 4271 p.
1285 4196 1322 4263 6).
